<?xml version="1.0" encoding="UTF-8"?>
<!DOCTYPE html PUBLIC "-//W3C//DTD XHTML 1.0 Transitional//EN"
    "http://www.w3.org/TR/xhtml1/DTD/xhtml1-transitional.dtd">
<html xmlns="http://www.w3.org/1999/xhtml" xml:lang="en" lang="en">
 <head>
  <title>
</title>
<meta http-equiv="Content-Type" content="text/html;charset=utf-8" />
  <meta name='ocr-system' content='tesseract 3.04.00' />
  <meta name='ocr-capabilities' content='ocr_page ocr_carea ocr_par ocr_line ocrx_word'/>
</head>
<body>
  <div class='ocr_page' id='page_1' title='image "./defontibusatque00schwgoog_0031.png"; bbox 0 0 4508 5736; ppageno 0'>
   <div class='ocr_carea' id='block_1_1' title="bbox 561 494 2233 1132">
    <p class='ocr_par' dir='ltr' id='par_1_1' title="bbox 561 494 2233 1132">
     <span class='ocr_line' id='line_1_1' title="bbox 1191 494 1499 572; baseline -0.013 -19"><span class='ocrx_word' id='word_1_1' title='bbox 1191 531 1244 553; x_wconf 86' lang='lat'>..</span> <span class='ocrx_word' id='word_1_2' title='bbox 1317 494 1369 572; x_wconf 74' lang='lat'>26</span> <span class='ocrx_word' id='word_1_3' title='bbox 1446 532 1499 549; x_wconf 89' lang='lat'>..</span> 
     </span>
     <span class='ocr_line' id='line_1_2' title="bbox 672 673 2183 829; baseline 0.001 -79"><span class='ocrx_word' id='word_1_4' title='bbox 672 674 758 750; x_wconf 79' lang='lat' dir='ltr'>Tau</span> <span class='ocrx_word' id='word_1_5' title='bbox 783 676 875 752; x_wconf 84' lang='lat' dir='ltr'>Hist.</span> <span class='ocrx_word' id='word_1_6' title='bbox 899 675 945 750; x_wconf 85' lang='lat' dir='ltr'>lt</span> <span class='ocrx_word' id='word_1_7' title='bbox 970 676 1032 750; x_wconf 90' lang='grc'>55.</span> <span class='ocrx_word' id='word_1_8' title='bbox 1058 676 1145 753; x_wconf 89' lang='lat' dir='ltr'>alios</span> <span class='ocrx_word' id='word_1_9' title='bbox 1169 675 1327 754; x_wconf 85' lang='lat' dir='ltr'>bonores</span> <span class='ocrx_word' id='word_1_10' title='bbox 1353 673 1486 751; x_wconf 79' lang='lat' dir='ltr'>Galbae</span> <span class='ocrx_word' id='word_1_11' title='bbox 1507 675 1682 776; x_wconf 82' lang='lat' dir='ltr'>apopulo</span> <span class='ocrx_word' id='word_1_12' title='bbox 1705 673 1857 749; x_wconf 83' lang='lat' dir='ltr'>tributos</span> <span class='ocrx_word' id='word_1_13' title='bbox 1876 697 2003 829; x_wconf 78' lang='lat' dir='ltr'>narrat,</span> <span class='ocrx_word' id='word_1_14' title='bbox 2029 701 2183 773; x_wconf 81' lang='lat' dir='ltr'>qnam</span> 
     </span>
     <span class='ocr_line' id='line_1_3' title="bbox 561 801 2233 878; baseline 0.001 -1"><span class='ocrx_word' id='word_1_15' title='bbox 561 802 749 878; x_wconf 85' lang='lat' dir='ltr'>Sueton.</span> <span class='ocrx_word' id='word_1_16' title='bbox 739 830 776 875; x_wconf 88' lang='lat' dir='ltr'>m</span> <span class='ocrx_word' id='word_1_17' title='bbox 799 804 859 876; x_wconf 86' lang='lat' dir='ltr'>fin.</span> <span class='ocrx_word' id='word_1_18' title='bbox 883 801 942 875; x_wconf 83' lang='lat' dir='ltr'>vit.</span> <span class='ocrx_word' id='word_1_19' title='bbox 970 801 1111 878; x_wconf 89' lang='lat' dir='ltr'>Galbae</span> <span class='ocrx_word' id='word_1_20' title='bbox 2225 821 2233 833; x_wconf 91' lang='grc'><strong><em>·</em></strong></span> 
     </span>
     <span class='ocr_line' id='line_1_4' title="bbox 1160 997 1448 1132; baseline 0 -1"><span class='ocrx_word' id='word_1_21' title='bbox 1160 997 1448 1132; x_wconf 72' lang='lat' dir='ltr'>‘orno</span> 
     </span>
    </p>
   </div>
   <div class='ocr_carea' id='block_1_2' title="bbox 563 1273 2236 1630">
    <p class='ocr_par' dir='ltr' id='par_1_2' title="bbox 563 1273 2236 1630">
     <span class='ocr_line' id='line_1_5' title="bbox 676 1273 2231 1378; baseline -0.003 -28"><span class='ocrx_word' id='word_1_22' title='bbox 676 1277 778 1365; x_wconf 92' lang='lat' dir='ltr'>Quos</span> <span class='ocrx_word' id='word_1_23' title='bbox 802 1274 870 1349; x_wconf 91' lang='lat' dir='ltr'>sibi</span> <span class='ocrx_word' id='word_1_24' title='bbox 896 1273 1002 1348; x_wconf 86' lang='lat' dir='ltr'>duces</span> <span class='ocrx_word' id='word_1_25' title='bbox 1028 1273 1169 1373; x_wconf 83' lang='lat' dir='ltr'>elegerit</span> <span class='ocrx_word' id='word_1_26' title='bbox 1193 1274 1404 1368; x_wconf 84' lang='lat' dir='ltr'>Suetonius,</span> <span class='ocrx_word' id='word_1_27' title='bbox 1438 1302 1510 1349; x_wconf 92' lang='lat' dir='ltr'>non</span> <span class='ocrx_word' id='word_1_28' title='bbox 1538 1289 1654 1378; x_wconf 86' lang='lat' dir='ltr'>potest</span> <span class='ocrx_word' id='word_1_29' title='bbox 1679 1277 1770 1351; x_wconf 88' lang='lat' dir='ltr'>bene</span> <span class='ocrx_word' id='word_1_30' title='bbox 1788 1275 2001 1376; x_wconf 77' lang='lat' dir='ltr'>extorqueri,</span> <span class='ocrx_word' id='word_1_31' title='bbox 2028 1297 2141 1369; x_wconf 86' lang='lat' dir='ltr'>quum</span> <span class='ocrx_word' id='word_1_32' title='bbox 2210 1288 2231 1337; x_wconf 64' lang='lat' dir='ltr'>s</span> 
     </span>
     <span class='ocr_line' id='line_1_6' title="bbox 563 1398 2236 1502; baseline -0.002 -26"><span class='ocrx_word' id='word_1_33' title='bbox 563 1429 629 1477; x_wconf 90' lang='lat' dir='ltr'>nos</span> <span class='ocrx_word' id='word_1_34' title='bbox 655 1427 767 1502; x_wconf 85' lang='lat' dir='ltr'>paene</span> <span class='ocrx_word' id='word_1_35' title='bbox 792 1400 933 1499; x_wconf 83' lang='lat' dir='ltr'>ignotos</span> <span class='ocrx_word' id='word_1_36' title='bbox 958 1398 1063 1494; x_wconf 84' lang='lat' dir='ltr'>hujus</span> <span class='ocrx_word' id='word_1_37' title='bbox 1088 1400 1138 1472; x_wconf 87' lang='lat' dir='ltr'>rei</span> <span class='ocrx_word' id='word_1_38' title='bbox 1164 1426 1238 1475; x_wconf 86' lang='lat' dir='ltr'>esse</span> <span class='ocrx_word' id='word_1_39' title='bbox 1270 1403 1392 1476; x_wconf 87' lang='lat' dir='ltr'>voluit.</span> <span class='ocrx_word' id='word_1_40' title='bbox 1450 1401 1588 1476; x_wconf 87' lang='lat' dir='ltr'>Patrem</span> <span class='ocrx_word' id='word_1_41' title='bbox 1621 1430 1726 1477; x_wconf 90' lang='lat' dir='ltr'>sunm</span> <span class='ocrx_word' id='word_1_42' title='bbox 1760 1404 1870 1477; x_wconf 85' lang='lat' dir='ltr'>semel</span> <span class='ocrx_word' id='word_1_43' title='bbox 1900 1402 2060 1498; x_wconf 81' lang='lat' dir='ltr'>nonsinat</span> <span class='ocrx_word' id='word_1_44' title='bbox 2082 1402 2139 1495; x_wconf 61' lang='grc' dir='ltr'>(ι.</span> <span class='ocrx_word' id='word_1_45' title='bbox 2226 1436 2236 1447; x_wconf 90' lang='grc'><em>·</em></span> 
     </span>
     <span class='ocr_line' id='line_1_7' title="bbox 568 1506 2135 1630; baseline 0 -30"><span class='ocrx_word' id='word_1_46' title='bbox 568 1530 656 1620; x_wconf 88' lang='grc'><strong>10.).</strong></span> <span class='ocrx_word' id='word_1_47' title='bbox 712 1525 754 1597; x_wconf 88' lang='grc' dir='ltr'>Ιιι</span> <span class='ocrx_word' id='word_1_48' title='bbox 780 1523 899 1597; x_wconf 88' lang='lat' dir='ltr'>multis</span> <span class='ocrx_word' id='word_1_49' title='bbox 924 1525 1179 1599; x_wconf 70' lang='lat' dir='ltr'>narrationibus</span> <span class='ocrx_word' id='word_1_50' title='bbox 1203 1527 1331 1601; x_wconf 79' lang='lat' dir='ltr'>lamani</span> <span class='ocrx_word' id='word_1_51' title='bbox 1357 1506 1535 1627; x_wconf 83' lang='lat' dir='ltr'>vulgarem</span> <span class='ocrx_word' id='word_1_52' title='bbox 1559 1549 1730 1630; x_wconf 88' lang='lat' dir='ltr'>sequutus</span> <span class='ocrx_word' id='word_1_53' title='bbox 1754 1513 1840 1605; x_wconf 18' lang='lat' dir='ltr'>esse*</span> <span class='ocrx_word' id='word_1_54' title='bbox 1855 1528 2002 1605; x_wconf 85' lang='lat' dir='ltr'>videtur.</span> <span class='ocrx_word' id='word_1_55' title='bbox 2129 1618 2135 1626; x_wconf 24' lang='grc' dir='ltr'>Ι</span> 
     </span>
    </p>
   </div>
   <div class='ocr_carea' id='block_1_3' title="bbox 1131 1795 1930 1920">
    <p class='ocr_par' dir='ltr' id='par_1_3' title="bbox 1131 1795 1930 1920">
     <span class='ocr_line' id='line_1_8' title="bbox 1131 1795 1930 1920; baseline 0.004 -6"><span class='ocrx_word' id='word_1_56' title='bbox 1131 1838 1634 1920; x_wconf 72' lang='lat' dir='ltr'>vtTsstbtvs&#39;</span> <span class='ocrx_word' id='word_1_57' title='bbox 1736 1904 1740 1910; x_wconf 93' lang='lat'>.</span> <span class='ocrx_word' id='word_1_58' title='bbox 1926 1795 1930 1802; x_wconf 95' lang='lat'>·</span> 
     </span>
    </p>
   </div>
   <div class='ocr_carea' id='block_1_4' title="bbox 447 2039 2248 2664">
    <p class='ocr_par' dir='ltr' id='par_1_4' title="bbox 565 2039 2248 2543">
     <span class='ocr_line' id='line_1_9' title="bbox 678 2039 2144 2163; baseline -0.001 -26"><span class='ocrx_word' id='word_1_59' title='bbox 678 2064 735 2139; x_wconf 90' lang='lat' dir='ltr'>De</span> <span class='ocrx_word' id='word_1_60' title='bbox 750 2039 888 2161; x_wconf 78' lang='lat' dir='ltr'>origine</span> <span class='ocrx_word' id='word_1_61' title='bbox 901 2057 1051 2141; x_wconf 80' lang='lat' dir='ltr'>familiae</span> <span class='ocrx_word' id='word_1_62' title='bbox 1066 2056 1270 2133; x_wconf 74' lang='lat' dir='ltr'>Vitellianae</span> <span class='ocrx_word' id='word_1_63' title='bbox 1281 2082 1450 2159; x_wconf 76' lang='lat' dir='ltr'>provocat</span> <span class='ocrx_word' id='word_1_64' title='bbox 1466 2062 1514 2154; x_wconf 88' lang='lat' dir='ltr'>(c.</span> <span class='ocrx_word' id='word_1_65' title='bbox 1526 2062 1544 2135; x_wconf 86' lang='lat'>1</span> <span class='ocrx_word' id='word_1_66' title='bbox 1556 2063 1650 2155; x_wconf 64' lang='lat' dir='ltr'>etl.)</span> <span class='ocrx_word' id='word_1_67' title='bbox 1660 2059 1705 2136; x_wconf 89' lang='lat' dir='ltr'>ad</span> <span class='ocrx_word' id='word_1_68' title='bbox 1723 2063 1770 2163; x_wconf 83' lang='lat' dir='ltr'><em>Q</em></span> <span class='ocrx_word' id='word_1_69' title='bbox 1778 2061 1943 2162; x_wconf 76' lang='lat' dir='ltr'>Eulogii</span> <span class='ocrx_word' id='word_1_70' title='bbox 1958 2058 2144 2161; x_wconf 82' lang='lat' dir='ltr'>eujusdam</span> 
     </span>
     <span class='ocr_line' id='line_1_10' title="bbox 565 2164 2248 2282; baseline 0 -21"><span class='ocrx_word' id='word_1_71' title='bbox 565 2189 725 2262; x_wconf 83' lang='lat' dir='ltr'>libellum</span> <span class='ocrx_word' id='word_1_72' title='bbox 755 2186 861 2262; x_wconf 87' lang='lat' dir='ltr'>etad</span> <span class='ocrx_word' id='word_1_73' title='bbox 887 2185 1067 2260; x_wconf 86' lang='lat' dir='ltr'>Cassium</span> <span class='ocrx_word' id='word_1_74' title='bbox 1098 2187 1308 2277; x_wconf 74' lang='lat' dir='ltr'>Severum,</span> <span class='ocrx_word' id='word_1_75' title='bbox 1349 2187 1411 2282; x_wconf 90' lang='lat' dir='ltr'>qni</span> <span class='ocrx_word' id='word_1_76' title='bbox 1441 2207 1561 2261; x_wconf 85' lang='lat' dir='ltr'>orator</span> <span class='ocrx_word' id='word_1_77' title='bbox 1593 2201 1668 2262; x_wconf 86' lang='lat' dir='ltr'>erat</span> <span class='ocrx_word' id='word_1_78' title='bbox 1701 2188 1856 2263; x_wconf 80' lang='lat' dir='ltr'>celebris</span> <span class='ocrx_word' id='word_1_79' title='bbox 1913 2187 1999 2263; x_wconf 88' lang='lat' dir='ltr'>Non</span> <span class='ocrx_word' id='word_1_80' title='bbox 2026 2188 2156 2261; x_wconf 74' lang='lat' dir='ltr'>autem&#39;</span> <span class='ocrx_word' id='word_1_81' title='bbox 2173 2164 2192 2197; x_wconf 51' lang='lat'><em>⁹</em></span> <span class='ocrx_word' id='word_1_82' title='bbox 2242 2200 2248 2209; x_wconf 92' lang='lat'>&#39;</span> 
     </span>
     <span class='ocr_line' id='line_1_11' title="bbox 568 2309 2155 2413; baseline 0 -26"><span class='ocrx_word' id='word_1_83' title='bbox 568 2313 799 2413; x_wconf 84' lang='lat' dir='ltr'>cogitandum</span> <span class='ocrx_word' id='word_1_84' title='bbox 824 2309 870 2386; x_wconf 87' lang='lat' dir='ltr'>de</span> <span class='ocrx_word' id='word_1_85' title='bbox 894 2310 1057 2405; x_wconf 85' lang='lat' dir='ltr'>historia,</span> <span class='ocrx_word' id='word_1_86' title='bbox 1092 2340 1199 2412; x_wconf 87' lang='lat' dir='ltr'>quam</span> <span class='ocrx_word' id='word_1_87' title='bbox 1224 2311 1428 2389; x_wconf 72' lang='lat' dir='ltr'>condidisse</span> <span class='ocrx_word' id='word_1_88' title='bbox 1453 2315 1581 2407; x_wconf 80' lang='lat' dir='ltr'>fertur,</span> <span class='ocrx_word' id='word_1_89' title='bbox 1616 2313 1679 2389; x_wconf 89' lang='lat' dir='ltr'>sed</span> <span class='ocrx_word' id='word_1_90' title='bbox 1705 2337 1748 2390; x_wconf 88' lang='lat' dir='ltr'>ut</span> <span class='ocrx_word' id='word_1_91' title='bbox 1770 2323 1839 2411; x_wconf 72' lang='lat' dir='ltr'>iam</span> <span class='ocrx_word' id='word_1_92' title='bbox 1864 2315 1969 2389; x_wconf 86' lang='lat' dir='ltr'>Voss</span> <span class='ocrx_word' id='word_1_93' title='bbox 1995 2313 2040 2388; x_wconf 90' lang='lat' dir='ltr'>de</span> <span class='ocrx_word' id='word_1_94' title='bbox 2060 2313 2155 2387; x_wconf 89' lang='lat' dir='ltr'>hist.</span> 
     </span>
     <span class='ocr_line' id='line_1_12' title="bbox 568 2437 2145 2543; baseline 0.002 -31"><span class='ocrx_word' id='word_1_95' title='bbox 568 2440 624 2512; x_wconf 93' lang='lat' dir='ltr'>lat</span> <span class='ocrx_word' id='word_1_96' title='bbox 649 2439 678 2514; x_wconf 91' lang='lat' dir='ltr'>l</span> <span class='ocrx_word' id='word_1_97' title='bbox 703 2464 734 2512; x_wconf 78' lang='lat' dir='ltr'>u</span> <span class='ocrx_word' id='word_1_98' title='bbox 760 2440 820 2511; x_wconf 85' lang='lat'>21.</span> <span class='ocrx_word' id='word_1_99' title='bbox 846 2437 1006 2532; x_wconf 87' lang='lat' dir='ltr'>monuit,</span> <span class='ocrx_word' id='word_1_100' title='bbox 1038 2464 1081 2512; x_wconf 83' lang='lat' dir='ltr'>ex</span> <span class='ocrx_word' id='word_1_101' title='bbox 1105 2438 1229 2511; x_wconf 80' lang='lat' dir='ltr'>libellis</span> <span class='ocrx_word' id='word_1_102' title='bbox 1263 2440 1472 2534; x_wconf 77' lang='lat' dir='ltr'>procacibus</span> <span class='ocrx_word' id='word_1_103' title='bbox 1502 2440 1651 2538; x_wconf 87' lang='lat' dir='ltr'>petitum</span> <span class='ocrx_word' id='word_1_104' title='bbox 1684 2440 1843 2537; x_wconf 88' lang='lat' dir='ltr'>videtur,</span> <span class='ocrx_word' id='word_1_105' title='bbox 1884 2444 2014 2543; x_wconf 85' lang='lat' dir='ltr'>quibus</span> <span class='ocrx_word' id='word_1_106' title='bbox 2049 2440 2145 2515; x_wconf 78' lang='lat' dir='ltr'>viros</span> 
     </span>
    </p>

    <p class='ocr_par' dir='ltr' id='par_1_5' title="bbox 447 2552 1732 2664">
     <span class='ocr_line' id='line_1_13' title="bbox 447 2552 1732 2664; baseline 0.005 -28"><span class='ocrx_word' id='word_1_107' title='bbox 447 2578 450 2583; x_wconf 84' lang='lat'>&#39;</span> <span class='ocrx_word' id='word_1_108' title='bbox 570 2552 786 2664; x_wconf 81' lang='lat' dir='ltr'>feminasque</span> <span class='ocrx_word' id='word_1_109' title='bbox 809 2565 961 2640; x_wconf 85' lang='lat' dir='ltr'>illustres</span> <span class='ocrx_word' id='word_1_110' title='bbox 983 2561 1179 2638; x_wconf 80' lang='lat' dir='ltr'>diffantasse</span> <span class='ocrx_word' id='word_1_111' title='bbox 1205 2567 1310 2639; x_wconf 85' lang='lat' dir='ltr'>relert</span> <span class='ocrx_word' id='word_1_112' title='bbox 1334 2565 1422 2639; x_wconf 86' lang='lat' dir='ltr'>Tac.</span> <span class='ocrx_word' id='word_1_113' title='bbox 1444 2564 1539 2639; x_wconf 89' lang='lat' dir='ltr'>Anu.</span> <span class='ocrx_word' id='word_1_114' title='bbox 1560 2566 1590 2640; x_wconf 87' lang='lat' dir='ltr'>l.</span> <span class='ocrx_word' id='word_1_115' title='bbox 1614 2592 1645 2640; x_wconf 78' lang='lat' dir='ltr'>u</span> <span class='ocrx_word' id='word_1_116' title='bbox 1671 2569 1732 2642; x_wconf 77' lang='lat'>72.</span> 
     </span>
    </p>
   </div>
   <div class='ocr_carea' id='block_1_5' title="bbox 572 2689 2249 2910">
    <p class='ocr_par' dir='ltr' id='par_1_6' title="bbox 572 2689 2249 2910">
     <span class='ocr_line' id='line_1_14' title="bbox 682 2689 2249 2790; baseline 0.001 -28"><span class='ocrx_word' id='word_1_117' title='bbox 682 2689 835 2765; x_wconf 90' lang='lat' dir='ltr'>Plurima</span> <span class='ocrx_word' id='word_1_118' title='bbox 862 2689 986 2765; x_wconf 88' lang='lat' dir='ltr'>tradita</span> <span class='ocrx_word' id='word_1_119' title='bbox 1018 2715 1061 2763; x_wconf 84' lang='lat' dir='ltr'>ex</span> <span class='ocrx_word' id='word_1_120' title='bbox 1086 2691 1288 2766; x_wconf 82' lang='lat' dir='ltr'>rumoribus</span> <span class='ocrx_word' id='word_1_121' title='bbox 1313 2691 1512 2790; x_wconf 81' lang='lat' dir='ltr'>vulgaribus</span> <span class='ocrx_word' id='word_1_122' title='bbox 1549 2691 1615 2784; x_wconf 92' lang='lat' dir='ltr'>(ut</span> <span class='ocrx_word' id='word_1_123' title='bbox 1645 2694 1791 2768; x_wconf 86' lang='lat' dir='ltr'>lortasse</span> <span class='ocrx_word' id='word_1_124' title='bbox 1826 2720 1857 2769; x_wconf 89' lang='lat' dir='ltr'>e.</span> <span class='ocrx_word' id='word_1_125' title='bbox 1883 2697 1917 2767; x_wconf 85' lang='grc'><strong>5</strong></span> <span class='ocrx_word' id='word_1_126' title='bbox 1952 2694 2015 2766; x_wconf 89' lang='lat' dir='ltr'>ubi</span> <span class='ocrx_word' id='word_1_127' title='bbox 2032 2691 2188 2765; x_wconf 86' lang='lat' dir='ltr'>tradit</span> <span class='ocrx_word' id='word_1_128' title='bbox 2244 2748 2249 2756; x_wconf 92' lang='lat'><em>.</em></span> 
     </span>
     <span class='ocr_line' id='line_1_15' title="bbox 572 2804 2207 2910; baseline -0.006 -24"><span class='ocrx_word' id='word_1_129' title='bbox 572 2813 617 2886; x_wconf 85' lang='lat' dir='ltr'>de</span> <span class='ocrx_word' id='word_1_130' title='bbox 642 2815 808 2910; x_wconf 83' lang='lat' dir='ltr'>surreptis</span> <span class='ocrx_word' id='word_1_131' title='bbox 832 2815 1044 2906; x_wconf 86' lang='lat' dir='ltr'>templorum</span> <span class='ocrx_word' id='word_1_132' title='bbox 1071 2812 1174 2883; x_wconf 86' lang='lat' dir='ltr'>donis</span> <span class='ocrx_word' id='word_1_133' title='bbox 1199 2831 1235 2879; x_wconf 79' lang='lat' dir='ltr'>et</span> <span class='ocrx_word' id='word_1_134' title='bbox 1258 2817 1491 2897; x_wconf 53' lang='lat' dir='ltr'>neumausi„</span> <span class='ocrx_word' id='word_1_135' title='bbox 1527 2818 1619 2877; x_wconf 77' lang='lat' dir='ltr'>es.</span> <span class='ocrx_word' id='word_1_136' title='bbox 1642 2814 1689 2878; x_wconf 80' lang='lat' dir='ltr'>de</span> <span class='ocrx_word' id='word_1_137' title='bbox 1712 2812 1821 2878; x_wconf 75' lang='lat' dir='ltr'>caede</span> <span class='ocrx_word' id='word_1_138' title='bbox 1844 2804 2047 2879; x_wconf 77' lang='lat' dir='ltr'>Petroniam</span> <span class='ocrx_word' id='word_1_139' title='bbox 2071 2805 2148 2897; x_wconf 87' lang='lat' dir='ltr'>lilii</span> <span class='ocrx_word' id='word_1_140' title='bbox 2200 2866 2207 2876; x_wconf 94' lang='lat'>.</span> 
     </span>
    </p>
   </div>
   <div class='ocr_carea' id='block_1_6' title="bbox 574 2928 2166 3037">
    <p class='ocr_par' dir='ltr' id='par_1_7' title="bbox 574 2928 2166 3037">
     <span class='ocr_line' id='line_1_16' title="bbox 574 2928 2166 3037; baseline -0.004 -29"><span class='ocrx_word' id='word_1_141' title='bbox 574 2963 617 3008; x_wconf 86' lang='lat' dir='ltr'>e</span> <span class='ocrx_word' id='word_1_142' title='bbox 614 2936 665 3007; x_wconf 90' lang='grc'>7.</span> <span class='ocrx_word' id='word_1_143' title='bbox 691 2932 736 3007; x_wconf 90' lang='lat' dir='ltr'>de</span> <span class='ocrx_word' id='word_1_144' title='bbox 762 2953 911 3032; x_wconf 81' lang='lat' dir='ltr'>egestate</span> <span class='ocrx_word' id='word_1_145' title='bbox 937 2929 1090 3004; x_wconf 90' lang='lat' dir='ltr'>Vitelli</span> <span class='ocrx_word' id='word_1_146' title='bbox 1080 2958 1116 3002; x_wconf 81' lang='lat' dir='ltr'>tn</span> <span class='ocrx_word' id='word_1_147' title='bbox 1144 2930 1359 3030; x_wconf 81' lang='lat' dir='ltr'>provinciam</span> <span class='ocrx_word' id='word_1_148' title='bbox 1383 2928 1529 3026; x_wconf 77' lang='lat' dir='ltr'>exituri)</span> <span class='ocrx_word' id='word_1_149' title='bbox 1560 2950 1667 3030; x_wconf 88' lang='lat' dir='ltr'>atque</span> <span class='ocrx_word' id='word_1_150' title='bbox 1697 2955 1741 3004; x_wconf 82' lang='lat' dir='ltr'>ex</span> <span class='ocrx_word' id='word_1_151' title='bbox 1763 2929 2076 3037; x_wconf 82' lang='lat' dir='ltr'>narrationibus</span> <span class='ocrx_word' id='word_1_152' title='bbox 2044 2956 2166 3008; x_wconf 49' lang='lat' dir='ltr'>viror</span> 
     </span>
    </p>
   </div>
   <div class='ocr_carea' id='block_1_7' title="bbox 575 3052 2145 3283">
    <p class='ocr_par' dir='ltr' id='par_1_8' title="bbox 575 3052 2145 3283">
     <span class='ocr_line' id='line_1_17' title="bbox 575 3052 2145 3159; baseline -0.004 -24"><span class='ocrx_word' id='word_1_153' title='bbox 575 3090 654 3136; x_wconf 83' lang='lat' dir='ltr'>rum</span> <span class='ocrx_word' id='word_1_154' title='bbox 679 3067 853 3159; x_wconf 86' lang='lat' dir='ltr'>majorum</span> <span class='ocrx_word' id='word_1_155' title='bbox 876 3078 960 3133; x_wconf 89' lang='lat' dir='ltr'>natu</span> <span class='ocrx_word' id='word_1_156' title='bbox 984 3054 1153 3129; x_wconf 87' lang='lat' dir='ltr'>desumsit</span> <span class='ocrx_word' id='word_1_157' title='bbox 1177 3056 1239 3153; x_wconf 88' lang='lat' dir='ltr'>(nt</span> <span class='ocrx_word' id='word_1_158' title='bbox 1263 3057 1308 3131; x_wconf 89' lang='lat' dir='ltr'>de</span> <span class='ocrx_word' id='word_1_159' title='bbox 1332 3057 1516 3158; x_wconf 77' lang='lat' dir='ltr'>gulositate</span> <span class='ocrx_word' id='word_1_160' title='bbox 1529 3054 1662 3131; x_wconf 81' lang='lat' dir='ltr'>Vitellii</span> <span class='ocrx_word' id='word_1_161' title='bbox 1684 3081 1716 3130; x_wconf 86' lang='lat' dir='ltr'>e.</span> <span class='ocrx_word' id='word_1_162' title='bbox 1736 3056 1809 3149; x_wconf 91' lang='grc'><strong>13.,</strong></span> <span class='ocrx_word' id='word_1_163' title='bbox 1834 3052 1880 3129; x_wconf 87' lang='lat' dir='ltr'>de</span> <span class='ocrx_word' id='word_1_164' title='bbox 1898 3058 2019 3129; x_wconf 85' lang='lat' dir='ltr'>matris</span> <span class='ocrx_word' id='word_1_165' title='bbox 2028 3052 2145 3130; x_wconf 80' lang='lat' dir='ltr'>caede</span> 
     </span>
     <span class='ocr_line' id='line_1_18' title="bbox 576 3186 1808 3283; baseline -0.006 -22"><span class='ocrx_word' id='word_1_166' title='bbox 576 3216 605 3261; x_wconf 88' lang='lat' dir='ltr'><strong>c</strong></span> <span class='ocrx_word' id='word_1_167' title='bbox 629 3186 711 3283; x_wconf 84' lang='grc'><strong>14..)</strong></span> <span class='ocrx_word' id='word_1_168' title='bbox 1804 3202 1808 3207; x_wconf 90' lang='grc'><strong><em>·</em></strong></span> 
     </span>
    </p>
   </div>
   <div class='ocr_carea' id='block_1_8' title="bbox 1095 3405 1635 3475">
    <p class='ocr_par' dir='ltr' id='par_1_9' title="bbox 1095 3405 1635 3475">
     <span class='ocr_line' id='line_1_19' title="bbox 1095 3405 1635 3475; baseline -0.002 -4"><span class='ocrx_word' id='word_1_169' title='bbox 1095 3405 1635 3475; x_wconf 70' lang='lat' dir='ltr'>VESPASIANus</span> 
     </span>
    </p>
   </div>
   <div class='ocr_carea' id='block_1_9' title="bbox 579 3568 2159 3817">
    <p class='ocr_par' dir='ltr' id='par_1_10' title="bbox 579 3568 2159 3817">
     <span class='ocr_line' id='line_1_20' title="bbox 676 3568 2159 3694; baseline -0.001 -31"><span class='ocrx_word' id='word_1_170' title='bbox 676 3588 734 3666; x_wconf 90' lang='lat' dir='ltr'>Ne</span> <span class='ocrx_word' id='word_1_171' title='bbox 758 3590 943 3691; x_wconf 85' lang='lat' dir='ltr'>vestigium</span> <span class='ocrx_word' id='word_1_172' title='bbox 968 3588 1113 3691; x_wconf 80' lang='lat' dir='ltr'>quidem</span> <span class='ocrx_word' id='word_1_173' title='bbox 1139 3568 1246 3667; x_wconf 84' lang='lat' dir='ltr'>fontis</span> <span class='ocrx_word' id='word_1_174' title='bbox 1272 3591 1392 3694; x_wconf 82' lang='lat' dir='ltr'>scripti</span> <span class='ocrx_word' id='word_1_175' title='bbox 1417 3591 1453 3665; x_wconf 93' lang='lat' dir='ltr'>in</span> <span class='ocrx_word' id='word_1_176' title='bbox 1479 3588 1584 3691; x_wconf 86' lang='lat' dir='ltr'>hujus</span> <span class='ocrx_word' id='word_1_177' title='bbox 1608 3589 1778 3691; x_wconf 82' lang='lat' dir='ltr'>principis</span> <span class='ocrx_word' id='word_1_178' title='bbox 1803 3591 1871 3666; x_wconf 79' lang='lat' dir='ltr'>vita</span> <span class='ocrx_word' id='word_1_179' title='bbox 1896 3610 2013 3666; x_wconf 71' lang='lat' dir='ltr'>exstat</span> <span class='ocrx_word' id='word_1_180' title='bbox 2058 3586 2159 3666; x_wconf 80' lang='lat' dir='ltr'>Fere·</span> 
     </span>
     <span class='ocr_line' id='line_1_21' title="bbox 579 3715 1214 3817; baseline 0.002 -25"><span class='ocrx_word' id='word_1_181' title='bbox 579 3716 698 3792; x_wconf 86' lang='lat' dir='ltr'>omnia</span> <span class='ocrx_word' id='word_1_182' title='bbox 723 3715 851 3791; x_wconf 83' lang='lat' dir='ltr'>auditu</span> <span class='ocrx_word' id='word_1_183' title='bbox 874 3717 1050 3817; x_wconf 84' lang='lat' dir='ltr'>accepisse</span> <span class='ocrx_word' id='word_1_184' title='bbox 1067 3717 1214 3793; x_wconf 86' lang='lat' dir='ltr'>videtur.</span> 
     </span>
    </p>
   </div>
   <div class='ocr_carea' id='block_1_10' title="bbox 1245 3976 1482 4053">
    <p class='ocr_par' dir='ltr' id='par_1_11' title="bbox 1245 3976 1482 4053">
     <span class='ocr_line' id='line_1_22' title="bbox 1245 3976 1482 4053; baseline 0.017 -6"><span class='ocrx_word' id='word_1_185' title='bbox 1245 3976 1482 4053; x_wconf 85' lang='lat' dir='ltr'><strong>TITUS.</strong></span> 
     </span>
    </p>
   </div>
   <div class='ocr_carea' id='block_1_11' title="bbox 437 4163 2152 4772">
    <p class='ocr_par' dir='ltr' id='par_1_12' title="bbox 437 4163 2152 4772">
     <span class='ocr_line' id='line_1_23' title="bbox 694 4163 2152 4269; baseline 0 -28"><span class='ocrx_word' id='word_1_186' title='bbox 694 4166 781 4241; x_wconf 80' lang='lat' dir='ltr'>Fere</span> <span class='ocrx_word' id='word_1_187' title='bbox 805 4164 901 4240; x_wconf 88' lang='lat' dir='ltr'>idem</span> <span class='ocrx_word' id='word_1_188' title='bbox 925 4168 1014 4241; x_wconf 79' lang='lat' dir='ltr'>valet</span> <span class='ocrx_word' id='word_1_189' title='bbox 1040 4165 1085 4240; x_wconf 87' lang='lat' dir='ltr'>de</span> <span class='ocrx_word' id='word_1_190' title='bbox 1109 4167 1216 4264; x_wconf 79' lang='lat' dir='ltr'>hujus</span> <span class='ocrx_word' id='word_1_191' title='bbox 1239 4167 1305 4242; x_wconf 83' lang='lat' dir='ltr'>viri</span> <span class='ocrx_word' id='word_1_192' title='bbox 1329 4168 1407 4245; x_wconf 84' lang='lat' dir='ltr'>rita.</span> <span class='ocrx_word' id='word_1_193' title='bbox 1473 4167 1535 4244; x_wconf 80' lang='lat' dir='ltr'>sd</span> <span class='ocrx_word' id='word_1_194' title='bbox 1559 4186 1789 4245; x_wconf 87' lang='lat' dir='ltr'>monumenta</span> <span class='ocrx_word' id='word_1_195' title='bbox 1813 4163 1953 4266; x_wconf 85' lang='lat' dir='ltr'>publica</span> <span class='ocrx_word' id='word_1_196' title='bbox 1983 4189 2152 4269; x_wconf 80' lang='lat' dir='ltr'>provocat</span> 
     </span>
     <span class='ocr_line' id='line_1_24' title="bbox 437 4290 2152 4392; baseline 0.002 -29"><span class='ocrx_word' id='word_1_197' title='bbox 437 4306 445 4317; x_wconf 85' lang='lat'><strong><em>‘</em></strong></span> <span class='ocrx_word' id='word_1_198' title='bbox 583 4290 774 4364; x_wconf 84' lang='lat' dir='ltr'>Suetonius</span> <span class='ocrx_word' id='word_1_199' title='bbox 800 4317 830 4363; x_wconf 84' lang='lat' dir='ltr'>e.</span> <span class='ocrx_word' id='word_1_200' title='bbox 857 4291 911 4383; x_wconf 77' lang='grc'>4.,</span> <span class='ocrx_word' id='word_1_201' title='bbox 945 4291 1073 4390; x_wconf 89' lang='lat' dir='ltr'>quibus</span> <span class='ocrx_word' id='word_1_202' title='bbox 1098 4293 1324 4392; x_wconf 86' lang='lat' dir='ltr'>comprobet,</span> <span class='ocrx_word' id='word_1_203' title='bbox 1370 4294 1494 4370; x_wconf 88' lang='lat' dir='ltr'>Titum</span> <span class='ocrx_word' id='word_1_204' title='bbox 1519 4314 1556 4370; x_wconf 92' lang='lat' dir='ltr'>et</span> <span class='ocrx_word' id='word_1_205' title='bbox 1575 4294 1613 4368; x_wconf 89' lang='lat' dir='ltr'>in</span> <span class='ocrx_word' id='word_1_206' title='bbox 1638 4293 1825 4368; x_wconf 83' lang='lat' dir='ltr'>Germanis</span> <span class='ocrx_word' id='word_1_207' title='bbox 1850 4315 1886 4369; x_wconf 89' lang='lat' dir='ltr'>et</span> <span class='ocrx_word' id='word_1_208' title='bbox 1909 4295 1946 4368; x_wconf 90' lang='lat' dir='ltr'>iu</span> <span class='ocrx_word' id='word_1_209' title='bbox 1973 4294 2152 4370; x_wconf 82' lang='lat' dir='ltr'>Britannia</span> 
     </span>
     <span class='ocr_line' id='line_1_25' title="bbox 586 4415 1950 4495; baseline 0.001 -5"><span class='ocrx_word' id='word_1_210' title='bbox 586 4416 765 4491; x_wconf 82' lang='lat' dir='ltr'>tribunum</span> <span class='ocrx_word' id='word_1_211' title='bbox 790 4415 940 4488; x_wconf 89' lang='lat' dir='ltr'>militnm</span> <span class='ocrx_word' id='word_1_212' title='bbox 965 4416 1134 4491; x_wconf 87' lang='lat' dir='ltr'>meruisse</span> <span class='ocrx_word' id='word_1_213' title='bbox 1158 4444 1313 4492; x_wconf 88' lang='lat' dir='ltr'>summae</span> <span class='ocrx_word' id='word_1_214' title='bbox 1337 4418 1527 4495; x_wconf 87' lang='lat' dir='ltr'>industrias</span> <span class='ocrx_word' id='word_1_215' title='bbox 1560 4439 1596 4495; x_wconf 88' lang='lat' dir='ltr'>et</span> <span class='ocrx_word' id='word_1_216' title='bbox 1625 4417 1818 4493; x_wconf 86' lang='lat' dir='ltr'>modestiae</span> <span class='ocrx_word' id='word_1_217' title='bbox 1849 4418 1950 4493; x_wconf 77' lang='lat' dir='ltr'>luna.</span> 
     </span>
     <span class='ocr_line' id='line_1_26' title="bbox 693 4538 2150 4645; baseline -0.001 -33"><span class='ocrx_word' id='word_1_218' title='bbox 693 4538 816 4613; x_wconf 87' lang='lat' dir='ltr'>Fando</span> <span class='ocrx_word' id='word_1_219' title='bbox 842 4566 986 4641; x_wconf 88' lang='lat' dir='ltr'>quoqne</span> <span class='ocrx_word' id='word_1_220' title='bbox 1013 4542 1079 4614; x_wconf 89' lang='lat' dir='ltr'>alia</span> <span class='ocrx_word' id='word_1_221' title='bbox 1103 4543 1254 4642; x_wconf 87' lang='lat' dir='ltr'>accepit,</span> <span class='ocrx_word' id='word_1_222' title='bbox 1293 4567 1332 4618; x_wconf 92' lang='lat' dir='ltr'>ut</span> <span class='ocrx_word' id='word_1_223' title='bbox 1356 4545 1433 4645; x_wconf 82' lang='lat' dir='ltr'>ipse</span> <span class='ocrx_word' id='word_1_224' title='bbox 1457 4545 1506 4619; x_wconf 95' lang='lat' dir='ltr'>ait</span> <span class='ocrx_word' id='word_1_225' title='bbox 1535 4570 1565 4618; x_wconf 69' lang='lat' dir='ltr'>r„</span> <span class='ocrx_word' id='word_1_226' title='bbox 1587 4547 1642 4639; x_wconf 86' lang='grc'>3,</span> <span class='ocrx_word' id='word_1_227' title='bbox 1685 4544 1749 4618; x_wconf 90' lang='lat' dir='ltr'>ubi</span> <span class='ocrx_word' id='word_1_228' title='bbox 1786 4544 1832 4618; x_wconf 89' lang='lat' dir='ltr'>de</span> <span class='ocrx_word' id='word_1_229' title='bbox 1864 4538 1939 4619; x_wconf 84' lang='lat' dir='ltr'>Titi</span> <span class='ocrx_word' id='word_1_230' title='bbox 1969 4541 2150 4617; x_wconf 81' lang='lat' dir='ltr'>velocitate</span> 
     </span>
     <span class='ocr_line' id='line_1_27' title="bbox 584 4648 1881 4772; baseline -0.002 -32"><span class='ocrx_word' id='word_1_231' title='bbox 584 4663 761 4740; x_wconf 83' lang='lat' dir='ltr'>scribendi</span> <span class='ocrx_word' id='word_1_232' title='bbox 784 4685 820 4738; x_wconf 89' lang='lat' dir='ltr'>et</span> <span class='ocrx_word' id='word_1_233' title='bbox 844 4685 917 4738; x_wconf 88' lang='lat' dir='ltr'>arte</span> <span class='ocrx_word' id='word_1_234' title='bbox 941 4664 1102 4741; x_wconf 89' lang='lat' dir='ltr'>imitandi</span> <span class='ocrx_word' id='word_1_235' title='bbox 1125 4668 1275 4741; x_wconf 86' lang='lat' dir='ltr'>aliorutn</span> <span class='ocrx_word' id='word_1_236' title='bbox 1299 4668 1537 4772; x_wconf 66' lang='lat' dir='ltr'>chirographa</span> <span class='ocrx_word' id='word_1_237' title='bbox 1560 4668 1731 4766; x_wconf 80' lang='lat' dir='ltr'>quiddam</span> <span class='ocrx_word' id='word_1_238' title='bbox 1756 4648 1881 4745; x_wconf 67' lang='lat' dir='ltr'>nsmt.</span> 
     </span>
    </p>
   </div>
   <div class='ocr_carea' id='block_1_12' title="bbox 0 0 2303 5732">
    <p class='ocr_par' dir='ltr' id='par_1_13' title="bbox 0 0 2303 5732">
     <span class='ocr_line' id='line_1_28' title="bbox 0 0 2303 5732; baseline 0 0"><span class='ocrx_word' id='word_1_239' title='bbox 0 0 2303 5732; x_wconf 95' lang='lat' dir='ltr'> </span> 
     </span>
    </p>
   </div>
  </div>
 </body>
</html>
