4508 5736
837 286 1121 391 ..s-'-
1598 347 1613 379 .

190 494 395 593 historiam,
421 462 466 567 aid
491 493 680 595 imperium
700 519 819 595 ¹usque
845 494 993 596 Augusti
1020 515 1228 572 excurreret.
1292 493 1477 573 Praeterea
1503 497 1558 571 bis
1580 525 1661 573 eunt
1690 501 1770 573 lau.

187 598 254 701 ¹‘dit
279 614 470 717 Suetonius
499 621 570 718 ²⁴).
641 621 696 695 Ex
722 621 850 717 quibus
875 644 990 697 autem
1017 623 1114 697 libris
1139 622 1229 696 haec
1254 620 1440 717 desumpta
1465 624 1656 716 sint,¹·non
1684 651 1772 726 pos·
1859 610 1874 645 ‘³

173 778 315 837 >sumus
339 771 436 823 certo
464 773 597 824 eruere.
647 747 798 842 Scripsit
821 747 965 823 Asinius
990 749 1104 825 Pollio
1130 751 1294 851 epistolas
1320 746 1365 821 ad
1392 748 1485 823 viros
1513 750 1688 850 insignes,
1707 848 1710 855 ¹
1731 772 1772 826 ut

192 881 238 954 ad
270 877 480 952 Ciceronem
513 896 549 949 et
574 872 628 947 ad·
657 873 856 967 Plancium,
906 900 949 951 ex
982 875 1109 973 quibus
1142 875 1316 978 quaedam
1348 877 1498 989 serravit
1538 877 1673 952 Gellius
1700 878 1774 976 ²³).-

195 1008 296 1096 Qtras
316 1027 438 1099 utrum
464 1001 656 1103 inspexerit
682 999 886 1091 Suetonius,
910 1027 954 1073 an
980 1001 1088 1075 alium
1107 1000 1267 1098 ejusdem
1283 1001 1426 1096 librum,
1452 980 1637 1076 incertum.
1669 1002 1772 1078 Mul-

157 1158 163 1176 ·
193 1156 269 1209 tum
293 1153 408 1205 autem
424 1132 467 1204 ei
493 1128 654 1223 tribuisse
680 1124 817 1199 videtur
843 1125 1053 1223 Suetonius,
1080 1130 1127 1203 ita
1153 1150 1286 1223 umen,
1321 1148 1362 1202 ut
1386 1147 1481 1202 certe
1505 1126 1719 1224 meminerit,
1752 1159 1773 1205 a
1868 1182 1874 1191 -

192 1259 349 1356 partibus
373 1256 531 1330 Caesaris
556 1254 657 1326 illum
683 1251 826 1323 stetisse.
1799 1226 1802 1231 ⁵

291 1382 418 1476 Neque
445 1402 560 1491 tamen
586 1375 801 1451 adversarios
827 1403 972 1476 quoque
998 1378 1154 1453 Caesaris
1181 1378 1303 1453 audire
1329 1378 1535 1481 supersedit.
1605 1381 1651 1455 Et
1684 1381 1772 1455 ratio

191 1506 412 1606 modusque,
452 1529 525 1600 quo
552 1522 655 1578 testes
680 1526 742 1576 eos
765 1500 986 1597 adbibuerit,
1030 1509 1113 1578 satis
1139 1504 1313 1601 ostendit,
1355 1532 1429 1581 non
1461 1506 1578 1581 minus
1604 1504 1771 1603 ponderis

88 1664 102 1699 a
193 1632 292 1736 apud
318 1660 400 1705 enm
425 1624 598 1703 habuisse.

165 1862 168 1868 Ι
270 1756 437 1857 Epistolis
460 1757 660 1832 Ciceronis
686 1752 879 1852 plurimum
897 1753 1063 1829 tribuisse
1088 1755 1237 1831 videtur.
1265 1755 1530 1859 'Saepiusenim
1546 1760 1591 1836 ad
1607 1788 1664 1837 eas
1680 1790 1771 1864 prro-

191 1905 293 1963 vocat
320 1882 395 1974 ²⁶).
447 1881 494 1955 Et
518 1884 669 1956 mrrltum
693 1881 790 1981 apud
816 1907 898 1954 eum
923 1900 1085 1981 poterant
1106 1883 1236 1976 valere,
1274 1911 1384 1979 quum
1418 1886 1519 1960 iniis
1552 1891 1662 1962 multa
1697 1910 1771 1964 tra-

193 2013 264 2087 dita
290 2030 415 2103 essent,
439 2032 531 2104 quae
554 2007 602 2082 ad
628 2035 746 2084 mores
770 2006 876 2107 sitque
901 2006 1040 2107 ingenia
1053 2005 1242 2086 hominum
1257 2009 1323 2083 illis
1347 2015 1567 2109 temporibus
1582 2015 1771 2116 insignium

128 2190 133 2201 .
193 2134 419 2239 depingenda
439 2135 670 2234 pertinebant.
727 2134 782 2208 Ex
808 2132 966 2234 ejusdem
997 2135 1095 2211 libris
1125 2133 1171 2210 de
1197 2133 1323 2231 officiis
1348 2137 1485 2235 profert
1505 2166 1624 2215 versus
1657 2168 1771 2243 quos-¹

192 2263 274 2339 dam
301 2263 393 2354 ²⁷).
1363 2350 1367 2359 .

294 2393 561 2471 Commemorat
583 2413 731 2489 ,quoque
753 2389 816 2464 M.
842 2388 1031 2465 Bibulum
1057 2389 1140 2485 28)’,
1181 2389 1244 2490 qni
1268 2416 1351 2465 cum
1377 2384 1526 2471 Caesare
1551 2397 1771 2473 consulatum

192 2517 314 2618 gessit,
353 2512 418 2589 sed
442 2543 462 2590 a
489 2516 623 2618 collega
657 2514 762 2589 armis
787 2515 883 2594 Foro
909 2518 1074 2616 expulsus
1106 2540 1182 2590 sese
1210 2514 1366 2590 domum
1393 2515 1530 2594 abdidit
1561 2541 1597 2594 et
1632 2518 1772 2594 decreta

192 2642 351 2718 Caesaris
377 2666 440 2742 per
473 2638 589 2732 edicta
617 2638 754 2714 studuit
784 2639 969 2737 impedire.
1001 2697 1005 2711 .
1032 2642 1152 2732 Quam
1184 2643 1310 2716 acerbe
1342 2646 1457 2718 autem
1489 2644 1546 2718 his
1570 2643 1701 2721 edictis
1734 2647 1772 2720 in

191 2771 376 2844 Caesarem
400 2756 556 2843 invectus
583 2765 647 2862 sit,
685 2751 829 2871 testatus
854 2781 908 2842 est
936 2766 1083 2863 Cicero,
1119 2768 1183 2871 qui
1206 2767 1265 2842 illa
1290 2767 1521 2844 Archilochia
1545 2766 1640 2845 dicta
1665 2768 1772 2844 tuisse
1818 2775 1822 2781 “

128 2938 132 2946 .
190 2893 297 2970 tradit
323 2894 400 2984 ²⁹).
559 2904 568 2916 ··
609 2903 614 2911 “
754 2904 793 2989 g
1436 2978 1439 2983 .

243 3028 254 3045 “
293 3014 471 3091 Provocat
495 3009 620 3107 crebro
643 3004 691 3082 ad
718 3007 925 3102 Curiones,
970 3029 1109 3105 patrem
1142 3021 1180 3086 et
1214 3012 1328 3088 filium
1356 3011 1435 3102 ³⁰).
1507 3012 1630 3113 Quum
1664 3013 1771 3088 ambo

190 3137 404 3218 infestissimi
428 3129 561 3211 inimici
587 3131 743 3225 Caesaris
768 3152 883 3207 essent
907 3153 943 3207 et
965 3135 1117 3212 maxima
1141 3138 1329 3214 acerbitate
1366 3139 1407 3214 in
1439 3163 1522 3212 eum
1554 3135 1771 3245 orationibus

190 3265 452 3359 inveherentur,
484 3259 684 3364 multaque,
715 3283 819 3358 ¹quae
849 3254 897 3332 ad
925 3260 1178 3339 accuratiorem
1201 3262 1295 3359 illius
1326 3264 1496 3366 temporis
1531 3263 1773 3365 cognitionem

191 3390 418 3485 inservirent,
458 3386 497 3461 in
527 3385 570 3458 iis
602 3381 797 3485 attigerint,
842 3408 908 3484 per
939 3411 978 3463 se
1009 3391 1078 3485 jam
1110 3402 1224 3491 patet,
1266 3390 1477 3468 Suetonium
1511 3415 1585 3467 non
1622 3416 1771 3488 parvum

190 3520 345 3592 fructum
377 3509 503 3590 exinde
536 3508 680 3607 cepisse.
1280 3504 1281 3508 ’

296 3644 368 3719 Cn.
394 3636 634 3715 Dolabellae
658 3632 813 3711 acuones
837 3660 1092 3718 commemorat
1119 3643 1193 3735 Μ).
1264 3640 1328 3719 Ille
1361 3637 1551 3744 aliquando
1577 3669 1597 3715 a
1622 3641 1769 3717 Caesare

194 3762 392 3862 accusatus,
416 3764 612 3869 patrocinio
636 3764 763 3841 Cottae
789 3785 825 3839 et
849 3763 1048 3861 Hortensii,
1089 3789 1272 3865 oratorum
1297 3768 1389 3843 illius
1414 3767 1584 3864 temporis
1609 3769 1770 3842 celeber-

78 3912 81 3921 '
193 3898 383 3988 rimorum,
405 3914 461 3969 est
483 3892 674 3969 absolutus.
724 3891 870 3982 Quare
896 3886 1033 3970 Caesari
1058 3882 1223 3990 inles'tns,
1256 3894 1474 3971 orationibus
1498 3917 1581 3968 enm
1605 3892 1743 3990 carpsit

194 4089 465 4110 Ἣ

233 4208 287 4294 u)
309 4206 405 4275 suet.
427 4211 465 4274 a.
486 4212 561 4276 vra
580 4210 677 4278 caes.
709 4230 738 4280 c
760 4209 880 4283 sesa.
899 4245 942 4263 -
981 4208 1038 4299 aa)
1058 4212 1146 4282 ceu
1165 4210 1263 4283 trra
1279 4212 1329 4283 ts.
1348 4208 1459 4282 xeo.
1477 4213 1508 4275 t.
1526 4242 1569 4260 -
1594 4205 1652 4296 aa)
1672 4206 1769 4276 snat.

314 4320 353 4381 in
374 4316 448 4378 vita
468 4310 565 4380 Caes.
585 4337 617 4387 e.
637 4321 669 4386 9.
690 4319 741 4384 n2
758 4321 809 4387 uo,
830 4350 871 4370 -
908 4314 1126 4399 artuino.
1148 4310 1280 4389 silm'
1304 4316 1359 4396 28)
1381 4317 1476 4383 S.in
1495 4316 1571 4381 rita
1590 4312 1686 4382 Caes.
1708 4314 1780 4378 c.9'
1890 4362 1899 4375 .

316 4412 353 4487 s't
372 4423 424 4489 Δ).
445 4451 485 4470 -
526 4423 581 4500 te)
604 4423 677 4493 cic.
699 4424 736 4491 in
756 4426 865 4509 Epist.
886 4422 930 4491 ad
950 4426 1105 4495 Atticum
1126 4424 1171 4495 ll.
1193 4428 1243 4495 19.
1263 4457 1305 4475 -
1345 4423 1401 4501 30)
1422 4418 1519 4490 Suet.
1539 4418 1767 4487 invisceres.

316 4532 391 4596 ..9.
412 4528 462 4595 to.
481 4527 534 4595 50.
556 4527 610 4592 52.
646 4557 689 4580 -
736 4528 792 4609 aa)
822 4526 911 4597 rata.
942 4549 971 4596 ο.
993 4530 1045 4597 to.
