4508 5736
1121 445 1413 522 „4-

575 652 779 755 Antequam
802 671 920 727 autem
945 647 993 726 ad
1017 647 1297 748 disquisitionem
1324 648 1437 750 ipsam
1457 650 1685 752 progrediar,
1709 654 1808 733 hand
1832 661 1894 737 obs
1920 689 1958 740 re
1984 671 2063 765 erit,

473 778 638 854 Suetonii
660 780 767 854 vitam
790 777 941 855 breviter
966 803 1158 878 exponere,
1182 802 1256 879 quo
1273 775 1398 849 melius
1418 797 1591 877 appareat,
1617 804 1701 855 eum
1722 764 1879 881 optimos
1898 816 2061 889 quosque

472 925 589 1000 tontes
612 903 709 979 adire
735 904 910 1005 potuisse.
960 905 1068 982 Tunc
1103 903 1149 980 de
1179 902 1328 982 consilio
1357 902 1493 1000 dicam,
1529 901 1630 1001 quod
1661 905 1699 980 in
1729 933 1839 1008 opere
1868 939 1934 989 suo
1966 943 2059 993 con—

474 1050 644 1127 sequutus
669 1029 724 1104 slt.
1796 1004 1807 1017 ’

576 1215 618 1290 C.
644 1215 837 1291 Suetonius
869 1214 1120 1319 Tranquillus,
1169 1215 1233 1318 qui
1265 1235 1404 1316 praeter
1437 1214 1524 1292 ritas
1556 1214 1807 1316 imperatorum
1844 1225 1954 1299 multa
1988 1226 2053 1302 alia

472 1329 602 1442 scripta
630 1341 832 1418 condidisse
859 1343 986 1439 lertur,
1012 1369 1103 1445 quae
1129 1363 1285 1418 recenset
1310 1340 1438 1416 Suidas
1467 1343 1528 1435 2),
1561 1341 1654 1416 circa
1678 1345 1890 1444 principium
1913 1352 2052 1447 imperii

336 1460 339 1469 “
471 1467 680 1567 Vespasiani
704 1490 764 1542 aut
789 1493 864 1544 non
889 1471 1002 1545 multo
1030 1491 1111 1572 post
1134 1491 1236 1543 natus
1262 1492 1337 1541 esse
1361 1465 1510 1546 videtur.
1561 1465 1658 1541 Nam
1682 1468 1758 1570 ipse
1779 1470 1903 1566 tradit,
1928 1476 2050 1574 viginti

472 1595 614 1667 annisa
639 1616 754 1668 morte
780 1594 936 1670 Neronis
968 1623 1006 1671 se
1031 1598 1138 1671 luisse
1170 1594 1430 1671 adolescentem
1457 1595 1517 1688 ³),
1554 1592 1710 1694 itemque
1744 1620 1779 1670 se
1802 1595 2048 1675 adolescentu-

372 1744 376 1757 “
471 1722 547 1792 lum
571 1718 790 1814 interfuisse,
824 1749 937 1823 quum
963 1719 1008 1797 de
1031 1724 1119 1797 fisco
1145 1719 1293 1796 ludaico
1320 1743 1482 1819 ageretur
1506 1721 1558 1814 ⁴).
1631 1724 1771 1797 Patrem
1798 1720 1921 1797 habuit
1954 1724 2048 1800 Sue-

471 1847 621 1920 tonium
636 1818 776 1921 I·ei1em
783 1902 795 1944 ,
827 1848 894 1922 snb
921 1845 1067 1923 Othone
1092 1850 1212 1924 tertiae
1247 1845 1404 1922 decimae
1435 1845 1585 1949 legionis
1609 1830 1807 1921 Tribunum
1836 1848 2047 1948 augustidu—

471 1971 567 2046 sium
599 1973 643 2069 ς).
699 1968 782 2068 lpse
806 2000 951 2076 quoque
976 1997 1050 2052 erat
1074 1976 1236 2052 tribunus
1261 1973 1434 2070 militum,
1472 1998 1577 2071 quern
1609 1970 1783 2049 honorem
1815 1993 1930 2049 sutem
1960 2004 2044 2053 mox

408 2106 415 2111 ’
469 2100 508 2175 in
535 2098 768 2173 Caesennium
795 2099 994 2198 Silvanum,
1027 2104 1270 2206 propinquum
1296 2128 1421 2197 suum,
1448 2099 1621 2175 transtulit
1648 2100 1697 2192 ⁶).
1754 2102 1917 2179 Amicum
1938 2104 2042 2180 luisse

468 2205 606 2319 Plinio,
645 2244 816 2301 testantur
841 2229 1000 2326 ejusdem
1022 2231 1198 2332 Epistolae
1224 2230 1299 2327 Ι’),·
1340 2230 1441 2328 cujus
1474 2246 1617 2328 rogatu,
1665 2254 1775 2328 qutun
1807 2250 1896 2305 esset
1916 2258 2041 2332 parum

469 2354 552 2430 felix
576 2352 842 2427 matrimonium
867 2379 1050 2456 expertus,
1102 2364 1157 2456 jus
1183 2357 1293 2432 trium
1317 2357 1511 2433 liberorum
1536 2352 1729 2454 aTrajano
1753 2377 1806 2431 est
1828 2353 1966 2456 adeptus
1992 2360 2036 2452 θ).

467 2482 680 2579 imperante·
694 2479 875 2560 Hadriano
901 2484 968 2558 fuit
994 2486 1159 2586 magister
1190 2486 1436 2587 epistolamm,
1484 2507 1557 2580 quo
1581 2479 1718 2560 honore
1748 2503 1865 2559 autern
1892 2484 2038 2583 privatus

470 2632 541 2705 est,
567 2602 668 2709 quod
693 2605 789 2707 apud
815 2609 1003 2706 Sabinam,
1029 2612 1196 2713 principis
1220 2638 1389 2707 uxorem,
1412 2610 1549 2710 injussu
1572 2614 1657 2710 ejus,
1680 2610 1881 2687 familiarius
1895 2635 1927 2685 se
1941 2610 2036 2711 egis-

468 2758 523 2814 set
546 2765 653 2838 quam
676 2735 868 2812 reverentia
892 2735 1021 2812 domus
1055 2739 1186 2813 aulicae
1218 2741 1414 2836 postularet
1441 2736 1488 2838 9).

557 2919 726 3029 Ωιιαηάο
757 2941 874 2991 antem
907 2917 1088 2992 has'vitas
1124 2898 1382 3014 composuerit,
1408 2921 1446 2995 in
1471 2896 1608 2992 incerto
1633 2940 1694 2991 est.
1753 2919 1792 2987 Si
1824 2913 1912 3012 quid
1945 2943 2031 2995 oon·

467 3056 619 3146 jecturae
645 3036 804 3113 dandum
827 3057 898 3133 est,
936 3040 1084 3110 fortasse
1110 3060 1166 3109 eas
1192 3033 1419 3135 conscripsit,
1462 3060 1593 3131 quum,
1631 3033 1767 3127 honore
1796 3036 1858 3112 illo
1895 3040 2041 3138 privatus
2098 3066 2109 3125 t,

467 3172 622 3248 lenimen
649 3192 815 3239 curarum
838 3163 1036 3259 inquireret
1060 3181 1097 3236 et
1119 3160 1302 3265 negotium
1327 3160 1365 3234 in
1391 3160 1465 3235 otio
1491 3160 1610 3235 invito.
1659 3160 1820 3236 Maximis
1843 3162 1975 3240 auxiliis
1998 3163 2045 3242 ad

467 3303 656 3397 hocopus
689 3287 954 3387 suscipiendum
987 3293 1199 3362 instructum
1237 3286 1344 3362 luisse
1377 3311 1422 3360 ex
1454 3298 1549 3360 lanta
1582 3285 1798 3384 optimorum
1832 3278 2045 3390 scriptorum
2106 3138 2131 3385 l

469 3424 590 3521 copia,
616 3445 708 3519 quos
733 3418 809 3517 ipse
834 3416 973 3508 laudat,
1006 3413 1088 3487 satis
1113 3432 1269 3512 apparet.
1328 3410 1401 3487 Sed
1433 3414 1501 3490 alia
1534 3440 1679 3517 quoque
1712 3436 1791 3490 ante
1823 3416 1947 3493 oculos
1974 3417 2045 3491 ha·
2131 3412 2141 3479 l

467 3545 763 3630 buisse.dubitar·i
789 3542 930 3643 nequit,
960 3540 996 3614 si
1022 3538 1134 3614 modo
1159 3539 1380 3634 memineris,
1420 3564 1510 3634 qnae
1534 3560 1634 3614 antea
1653 3538 1704 3614 'de
1737 3541 1918 3635 provincia
1949 3540 2046 3619 dixi·

468 3706 566 3770 mus,
600 3699 708 3774 quam
733 3669 766 3745 ei
791 3667 991 3743 Hadrianus
1015 3689 1244 3755 concesserat.
1295 3664 1385 3763 Non
1405 3664 1519 3749 modo
1545 3687 1620 3740 acta
1644 3666 1802 3766 pulilica,
1826 3667 1933 3766 leges,
1958 3664 2045 3743 atia-

469 3835 538 3907 que
570 3819 819 3890 monumenta,
860 3822 950 3896 quae
976 3796 1179 3889 spectabant
1202 3792 1251 3868 ed
1275 3814 1404 3869 statum
1428 3795 1522 3869 illius
1554 3794 1722 3892 temporis
1755 3795 1949 3891 accuratius
1977 3817 2046 3866 co·

469 3931 732 4037 gnoscendum,
748 3946 895 4027 ¹poterat
919 3921 1106 4016 adhibere,
1130 3918 1193 3996 sed
1218 3946 1383 4024 quoque,
1407 3946 1519 4022 quum
1544 3918 1582 3997 in
1607 3920 1688 4025 aula¹
1709 3914 1877 4020 principis
1894 3929 1929 3991 et
1947 3920 2048 4018 quasi
2176 3944 2184 4023 q

471 4126 743 4151 ΜΟ*

509 4277 544 4360 2)
569 4274 693 4341 Suidas
716 4294 742 4340 s.
765 4293 800 4337 tt.
822 4270 1036 4356 'l'passollrc
1060 4298 1100 4317 -
1142 4269 1176 4348 3)
1199 4268 1292 4334 Suet.
1315 4269 1352 4332 in
1375 4268 1447 4332 vita
1468 4266 1600 4330 Neron.
1624 4283 1699 4348 cap.
1718 4263 1781 4328 ult.
1802 4293 1840 4313 -
1880 4262 1916 4340 d)
1938 4260 1988 4329 ld.
2005 4266 2043 4328 iu

590 4385 664 4445 vita
687 4379 817 4443 Domit.
837 4399 866 4441 c.
886 4379 917 4442 lt.
938 4409 980 4425 -··
1020 4377 1054 4451 5)
1079 4372 1125 4438 ld.
1146 4379 1184 4442 itt
1205 4373 1572 4441 v.0thon.a.10.-
1611 4370 1651 4448 6)
1672 4364 2044 4452 ΡΙίιι.Ερίιῑ.ΙΙΙ.8.··-

591 4488 625 4564 7)
656 4484 771 4568 Ejusd.
791 4484 901 4566 Epist.
932 4481 958 4543 1.
977 4484 1014 4543 ts
1042 4489 1077 4544 et
1105 4481 1157 4548 tt.
1199 4478 1260 4546 tlt.
1281 4479 1311 4544 8.
1351 4480 1396 4543 V.
1421 4481 1472 4546 11.
1511 4477 1570 4541 ΙΧ.
1592 4478 1642 4543 tt.
1684 4475 1800 4541 x.95.
1841 4505 1884 4524 -
1930 4472 2041 4569 18)Ε).

588 4596 693 4678 Epist.
717 4587 759 4651 X.
782 4589 833 4654 95.
857 4595 892 4650 et
914 4589 1092 4681 responsio
1109 4586 1263 4668 Traiani.
1285 4617 1340 4663 -‚
1374 4588 1409 4664 9)
1430 4585 1503 4651 Ael.
1524 4586 1696 4670 Spartian.
1717 4585 1754 4646 in
1776 4576 1947 4643 Hadriani
1967 4577 2042 4639 vita

589 4725 618 4766 c.
641 4702 689 4761 ll.
711 4728 752 4744 -
