4404 5724
112 442 137 487 ξ.

765 506 1071 611 425..

124 751 211 800 num
237 721 304 796 tale
326 716 460 795 lacinus
493 713 734 815 impetraverit
765 713 882 790 Nero!
908 753 961 770 -
1019 713 1093 802 Qui
1125 733 1241 787 entem
1273 711 1325 786 illi
1349 711 1497 805 fuerint,
1536 740 1701 814 qnorum,
1792 804 1796 813 ¹
1904 804 1909 815 ι

124 873 338 950 quamquam
367 867 442 917 nou
467 839 694 931 nominatim,
731 838 950 934 mentionem¹
975 840 1059 913 lecit
1088 839 1297 933 Suetonius,
1336 837 1417 939 quis
1449 859 1502 914 est
1533 841 1596 942 qni
1627 842 1702 919 dis-
1757 930 1769 951 s

128 989 272 1049 cernere
297 967 444 1072 possiti
492 966 672 1040 Discimns
706 964 850 1065 quidem
885 991 928 1039 cx
953 963 1068 1038 Plinio
1100 965 1197 1059 ¹³⁵),
1229 991 1267 1038 se
1299 962 1453 1039 Neronis
1485 989 1582 1065 gesta
1614 998 1703 1046 con-
1799 952 1804 965 ¹

125 1098 323 1198 scripsisse,
376 1094 422 1169 ad
461 1118 550 1189 quae
591 1090 737 1164 Tacitus
772 1112 958 1189 provocat,
1020 1088 1083 1163 sed
1124 1115 1236 1184 quum
1270 1092 1372 1165 nobis
1414 1116 1552 1193 praeter
1594 1126 1722 1197 panca,

123 1225 316 1322 fragmenta
340 1221 429 1294 nihil
454 1217 499 1293 de
524 1217 592 1290 iltis
616 1217 713 1289 libris
748 1217 916 1310 supersit,
959 1215 1087 1290 tradita
1129 1218 1173 1289 ab
1198 1216 1370 1291 Suetonio
1405 1245 1478 1292 nou
1517 1247 1705 1316 possumus

124 1373 329 1449 comparare
369 1371 485 1448 nsque
524 1341 629 1416 certis
662 1341 876 1442 argumentis
910 1342 1083 1440 probare,
1132 1367 1218 1414 num
1252 1340 1443 1416 Suetonius
1475 1369 1555 1418 eum
1598 1346 1705 1423 adhi-

123 1475 248 1550 buerit.

202 1600 304 1674 Vitae
328 1599 594 1699 imperatorum,
619 1621 706 1695 quas
731 1619 829 1666 nnnc
851 1616 1030 1693 exponere
1057 1589 1123 1664 sibi
1148 1593 1335 1692 proposuit
1359 1593 1569 1693 Suetonius,
1589 1605 1704 1680 minus
1828 1684 1833 1693 .

57 1804 60 1809 ,
125 1727 452 1826 copiose-narratae
477 1746 578 1819 sunt,
625 1749 736 1819 quum
762 1741 918 1794 autnon
945 1719 1093 1817 longum
1125 1719 1314 1819 imperium
1346 1717 1486 1819 adepti,
1526 1729 1705 1803 materiam

125 1852 237 1926 fusius
262 1849 427 1924 narrandi
462 1876 536 1925 uon
561 1848 784 1949 praeberent,
824 1866 884 1919 aut
921 1844 965 1916 ab
997 1843 1065 1917 illis
1096 1844 1316 1944 temporibus
1350 1848 1499 1946 propius
1534 1853 1705 1948 abessent,

127 1978 200 2069 ubi¹
226 1977 329 2050 multi
379 1977 552 2069 viverent,
610 1972 672 2069 qui
713 1972 854 2045 illorum
897 1969 1001 2042 rebus
1039 1969 1144 2068 gestis
1186 1968 1393 2087 adfirisse‘nt„
1478 1974 1588 2050 Pauci
1625 2002 1706 2054 tan-

127 2124 203 2177 tum
229 2102 416 2203 scriptores
441 2101 694 2203 imperatorum
718 2122 774 2171 res
798 2117 911 2195 gestas
934 2094 1044 2169 literis
1069 2094 1334 2190 mandaverant,
1359 2122 1471 2196 quere
1491 2104 1704 2179 narrationes

126 2233 301 2322 majorum
333 2208 419 2301 natu
452 2240 560 2326 atque
601 2243 830 2300 monumenta
873 2219 1014 2315 publica
1046 2239 1145 2295 erant
1180 2221 1354 2296 Suetonio
1389 2224 1582 2300 adeunda„
1620 2229 1704 2305 Non

24 2416 27 2421 ⁴
127 2376 243 2430 autem
264 2355 423 2453 vulgares
449 2376 610 2428 rumores
637 2370 767 2426 temere
792 2345 989 2441 arripuisse,
1015 2343 1116 2438 ratio,
1143 2373 1213 2446 qua
1236 2346 1275 2422 in
1300 2349 1501 2425 enarrandis
1520 2353 1599 2427 vitis
1624 2357 1705 2430 alias

127 2499 281 2555 versatus
307 2499 379 2572 est,
403 2477 484 2553 satis
509 2473 643 2552 suadet.
691 2474 819 2574 Neque
840 2471 1002 2547 consulto
1027 2494 1151 2544 verum
1166 2471 1339 2564 mutarit,
1373 2499 1485 2568 quum
1516 2480 1617 2554 multi
1642 2510 1706 2554 sn-

127 2607 290 2704 perstites
314 2625 447 2708 essent,
474 2605 538 2705 qui
560 2599 718 2700 ejusdem
741 2596 868 2674 tradita
892 2617 933 2673 ut
952 2595 1161 2671 lelsadaeile
1186 2596 1371 2673 ostendere
1394 2621 1567 2698 poterent

956 2762 976 2799 b
1081 2770 1084 2775 ·
1171 2780 1174 2787 .

792 2982 1038 3051 GALBA.

236 3197 293 3272 De
318 3194 494 3288 fontibus,
530 3220 621 3296 quos
644 3173 706 3270 hic
731 3194 837 3288 adiit,
876 3193 982 3270 refert
1006 3196 1081 3271 sere
1103 3193 1204 3271 nihil
1262 3197 1527 3277 Commemorat
1557 3204 1704 3307 quidem

132 3323 362 3415 nonnullos,
408 3319 473 3395 sed
498 3320 670 3396 incertum
701 3342 770 3415 est,
817 3341 938 3394 utrum
970 3346 1012 3393 ex
1045 3319 1167 3395 auditu
1197 3320 1356 3399 hauserit
1382 3326 1442 3422 (ut
1479 3329 1626 3406 sortasse
1660 3332 1704 3407 de

31 3471 32 3474 ’
130 3448 309 3550 praesagio
322 3502 333 3542 ,
377 3445 477 3546 quod
504 3448 686 3547 Augustus
712 3446 758 3521 de
784 3446 895 3519 Galba
919 3471 1032 3543 puero
1058 3446 1169 3522 edidit
1194 3446 1345 3545 (ola),
1391 3440 1436 3526 de
1458 3454 1589 3530 ultimis
1615 3456 1721 3530 cat:

128 3580 195 3651 lrae
215 3571 329 3647 verbis
354 3570 399 3669 (c.
425 3570 520 3669 20.),
546 3570 748 3667 de'Galbae
774 3570 941 3646 edacitate
966 3592 1071 3673 atque
1096 3572 1313 3670 impudicitia
1338 3579 1391 3669 (c.
1416 3567 1491 3675 ᾖ.)
1516 3583 1704 3681 suscripta

131 3696 330 3800 praeeuntia
354 3695 525 3770 hahuerit.

243 3825 298 3900 Ex
321 3822 471 3928 publicis
505 3821 589 3898 actis
614 3819 777 3896 ridentur
807 3821 965 3914 fluxisse,
1007 3846 1096 3935 quae
1133 3820 1179 3899 de
1213 3853 1362 3903 numero
1396 3828 1556 3924 equitnm
1589 3853 1706 3904 narrat
1817 3916 1822 3923 ¹

131 3936 181 4050 (c.
210 3952 303 4047 15),
330 3949 392 4046 qui
416 3949 512 4023 bona
532 3974 554 4021 a
577 3943 722 4023 Nerone
748 3948 908 4047 pluribus
934 3947 1063 4035 donata
1087 3972 1294 4052 repeterent.
1318 3988 1372 4007 ·-
1420 3952 1610 4028 Diversitas
1631 3982 1704 4029 nu·

131 4078 219 4151 meri
246 4099 298 4152 est
320 4077 412 4152 inter
440 4072 527 4149 Tac.
553 4070 648 4148 Anu.
675 4073 703 4146 l
727 4076 780 4147 20
806 4094 842 4151 et
866 4074 1012 4150 Sueton.
1036 4076 1060 4148 l.
1086 4100 1118 4150 c.

49 4334 56 4343 .
243 4224 356 4303 raas
380 4225 475 4302 ann.
499 4224 564 4300 vr.
586 4226 648 4300 πο.
671 4223 891 4328 praesagum
916 4224 963 4303 aa
976 4226 1091 4303 oasa
1115 4227 1238 4305 usas
1254 4224 1419 4324 utera,
1445 4184 1591 4305 sueton}
1616 4254 1648 4303 c.
1664 4229 1700 4302 a.
1785 4200 1789 4207 ’

100 4354 104 4360 ’
130 4375 250 4429 eutem
274 4351 437 4454 Augtnto
463 4374 499 4430 et
522 4349 681 4427 Tiberio.
704 4349 750 4426 cf.
772 4349 921 4450 Interpr.
947 4351 994 4427 ad
1018 4354 1040 4426 l
1062 4378 1092 4428 c.

175 4662 252 4821 iss)
281 4713 370 4795 rna.
394 4710 489 4781 nist.
511 4712 592 4783 ua.
623 4662 684 4781 us.
704 4712 751 4781 11.
771 4734 804 4782 ο.
823 4716 865 4785 se
885 4726 922 4784 e
941 4716 1013 4785 sos

1063 4825 1306 4951 Α.
