4508 5736
951 518 1261 597 ⁴15·-

307 728 440 810 goar,
465 683 561 782 cens
586 727 661 778 aon
685 721 803 803 pona
823 698 966 775 assus-r
991 725 1035 775 ιι
1059 699 1194 777 asara·
1218 702 1264 776 n
1288 699 1486 797 suetonio,
1520 698 1583 797 qut
1606 699 1702 775 sota
1729 698 1888 795 ejusaem

305 831 522 908 mentionem
553 828 646 903 fecit
709 825 796 905 Non
826 829 979 911 multum
1008 850 1094 905 vero
1134 826 1168 901 si
1205 827 1368 905 tribtsisse
1396 825 1555 920 ridetur,
1600 851 1681 900 eum
1722 825 1817 901 enim
1849 826 1888 899 in

306 958 440 1035 levibus
462 957 566 1032 rebus
602 974 726 1030 testem
758 951 913 1029 adhibet.
951 1036 965 1049 „
1761 1014 1764 1021 Α

416 1079 478 1157 ad
503 1079 755 1155 accuratiorem
778 1078 873 1153 illius
903 1079 1073 1181 temporis
1099 1056 1358 1181 cognitionem,
1408 1100 1451 1154 ut
1464 1104 1469 1113 ·
1482 1085 1552 1177 jam
1583 1090 1694 1178 supra·
1709 1074 1886 1166 uidimus,

300 1203 542 1284 inserviebant
565 1202 739 1305 imprimis
766 1203 967 1279 Ciceronis
995 1209 1166 1306 scripto,
1201 1231 1291 1301 quae
1315 1231 1460 1308 quoque
1484 1205 1528 1284 in
1545 1204 1698 1305 Augusti
1722 1203 1790 1279 rita
1811 1226 1887 1276 non

277 1306 282 1329 ⁴
305 1333 495 1434 neglexisse
520 1331 714 1407 Suetonius
737 1328 897 1426 ridetur,
926 1357 1139 1433 quamquam
1163 1332 1272 1405 semel
1296 1351 1431 1408 tuntum
1457 1357 1540 1407 euru
1566 1333 1649 1407 citat
1674 1330 1748 1426 ⁷²).
1826 1382 1832 1390 -

408 1455 637 1534 Cornelium
662 1456 859 1554 Nepotem
893 1457 1003 1532 semei
1035 1456 1194 1532 nominat
1218 1453 1293 1552 77).
1355 1457 1441 1532 Erat
1478 1458 1660 1539 Ciceronis
1691 1457 1823 1532 amicus
1848 1478 1885 1529 et

303 1586 369 1659 sub
394 1582 593 1683 principatu
610 1578 761 1680 Augusti
776 1603 929 1657 mortem
943 1582 1042 1658 obiit
1068 1578 1291 1655 Testimonio
1306 1581 1413 1656 Corn.
1428 1581 1581 1679 Nepotis
1594 1584 1796 1684 Augustum
1810 1586 1888 1658 vini·

302 1708 546 1810 parcissimum
558 1705 665 1783 fuisse
679 1728 716 1782 et
732 1706 771 1782 id
786 1706 930 1808 quidem
946 1708 983 1781 in
993 1709 1087 1782 bello
1095 1704 1288 1780 Mutinensi
1303 1704 1408 1780 tradit
1418 1706 1516 1782 S'uet.
1541 1709 1761 1811 conscripsit
1774 1738 1884 1810 opere

211 1812 221 1831 '
266 1865 270 1874 ·
306 1831 480 1935 quaedum
504 1830 691 1927 historica,
715 1852 757 1907 ut
779 1833 891 1909 libros
916 1832 1179 1929 exemplorum,
1202 1857 1272 1906 nec
1295 1831 1413 1907 minus
1432 1833 1519 1908 ritas
1544 1836 1785 1932 excellentium
1810 1839 1880 1909 im·

158 2027 169 2037 .
302 1981 524 2062 pecatorum,
565 1978 638 2033 tem
661 1981 870 2057 graecorum
897 1980 1007 2058 quam
1036 1981 1286 2050 romanorum,
1327 1981 1418 2058 ques
1451 1958 1669 2059 temporibus
1701 1960 1882 2034 Plutarchi
1994 2056 1997 2063 Ι

303 2106 339 2162 et
361 2085 478 2180 Gellii,
501 2083 565 2185 qui
586 2085 711 2158 crebro
737 2109 780 2158 ex
804 2082 848 2157 iis
872 2084 1039 2176 referunt,
1062 2082 1197 2182 integra
1222 2083 1409 2158 exstabant
1458 2085 1513 2158 Ex
1532 2084 1704 2162 historico
1723 2085 1889 2190 quodam,

186 2208 192 2219 ’
303 2237 411 2312 opere
435 2208 644 2311 profluxisse
666 2206 851 2303 ridentur,
883 2234 974 2309 quae
998 2206 1130 2284 Noster
1150 2207 1320 2283 meminit.
1375 2206 1469 2284 Nam
1500 2211 1658 2312 alioquin
1688 2211 1879 2287 Suetonius

302 2363 377 2411 non
405 2335 549 2412 dixerit:
581 2335 690 2411 Corn.
714 2332 840 2429 Nepos
862 2336 1006 2412 erodit.
1070 2332 1249 2433 Incermm
1272 2339 1409 2429 sutem,
1448 2332 1495 2409 ad
1516 2362 1623 2433 quem
1648 2336 1807 2435 ejusdem
1830 2336 1882 2410 li-

302 2463 409 2539 brum
439 2460 591 2537 namatio
617 2459 778 2535 Suetonii
802 2459 848 2534 sit
871 2459 1063 2553 referenda.

380 2586 517 2662 Verum
531 2612 606 2662 non
619 2585 819 2682 nodosos,
845 2588 909 2689 qui
922 2586 1110 2687 apartibus
1130 2586 1284 2688 Augusti
1297 2586 1444 2682 stabant,
1468 2584 1533 2662 sed
1554 2612 1699 2689 quoque
1713 2585 1880 2663 adversa-

302 2716 374 2790 rios
401 2732 436 2788 et
460 2738 538 2806 eos,
563 2714 626 2809 qui
649 2713 779 2788 nullius
803 2714 962 2814 partibus
987 2734 1087 2788 erant
1109 2712 1260 2808 addicti,
1284 2714 1619 2789 certorconsultavit
1669 2712 1878 2812 Saepissime

301 2842 492 2934 Antonii,
529 2836 684 2934 Augusti
703 2835 909 2929 adversarii,
930 2842 1100 2938 scripta
1117 2861 1388 2915 commemorat
1438 2838 1657 2914 Nominatim
1685 2839 1741 2912 bis
1767 2839 1880 2910 attulit

302 2959 435 3036 Noster
457 2953 620 3055 ejusdem
645 2957 830 3054 epistolas
845 2956 934 3050 77),
966 2957 1004 3031 in
1029 2947 1158 3057 qtiibus
1182 2960 1269 3032 falsa
1294 2960 1547 3058 inAugustttm
1572 2963 1700 3059 probra
1723 2983 1757 3032 et
1769 2965 1880 3032 mults

248 3050 263 3081 Ρ
305 3114 388 3162 cum
401 3082 584 3159 acerbitate
594 3107 677 3156 eum
690 3077 819 3155 dixisse
835 3079 977 3156 Cordus
985 3083 1184 3158 Cremutius
1203 3081 1300 3184 apud
1312 3083 1475 3158 Tacitum
1487 3086 1594 3160 refert
1608 3084 1626 3134 7
1638 3088 1683 3179 7).
1709 3087 1878 3175 Quocum

303 3211 493 3289 Suetonius
517 3207 717 3283 consentire
740 3204 897 3301 ridetur,
935 3208 975 3283 iu
1005 3208 1162 3307 epistolis
1192 3211 1238 3285 ab
1264 3209 1422 3286 Antonio
1449 3236 1551 3312 ssepo
1576 3209 1776 3310 Augustum
1811 3240 1876 3310 ap-

303 3337 470 3438 pellatum
489 3358 564 3408 esse
589 3330 797 3407 Thurinum.
816 3359 880 3433 per
903 3337 1153 3413 contumeliam
1178 3338 1307 3413 diceus.
1370 3335 1449 3412 Noc
1473 3358 1589 3410 tamen
1614 3360 1671 3409 ess
1704 3337 1877 3434 inspicere

303 3486 338 3539 et
362 3459 530 3535 adhibere
555 3455 736 3532 dubitavit.
799 3455 853 3531 Ex
878 3461 1007 3558 quibus
1032 3465 1186 3562 epistolis
1220 3466 1378 3565 prosecta
1410 3488 1485 3536 esse
1510 3450 1654 3554 credo,'
1679 3486 1768 3560 quae
1795 3460 1876 3532 An·

225 3616 229 3628 ·
303 3586 422 3662 tonius
454 3581 499 3656 de
531 3581 658 3655 humili
691 3602 773 3658 ortu
805 3606 953 3679 paterno
986 3610 1216 3690 maternoque
1242 3589 1318 3685 ⁷⁶),
1356 3588 1402 3663 de
1435 3587 1518 3687 fuge
1550 3613 1594 3662 ex
1627 3587 1875 3686 proelioapud

303 3712 479 3790 Mutinam
504 3707 593 3802 77),
619 3705 665 3782 de
691 3707 970 3806 timiditate⁷⁸),
998 3712 1043 3789 de
1068 3714 1277 3816 desponsata
1299 3712 1391 3788 Julia
1417 3715 1501 3810 77),
1530 3707 1577 3786 de
1602 3710 1779 3785 adulteriis
1809 3713 1876 3800 ⁸0)
1991 3781 1996 3812 Ι

260 3821 263 3825 .
304 3838 433 3936 objecit
456 3834 631 3934 Augusto·
653 3871 708 3891 -·
755 3837 951 3912 Antonium
980 3838 1018 3913 in
1050 3843 1193 3915 edictis
1224 3840 1406 3917 maledictu
1442 3835 1480 3933 iu
1514 3837 1746 3912 Octavianum
1784 3846 1877 3909 con-

249 3974 253 3989 '
303 3964 449 4064 gessisse
474 3959 562 4036 dicit
586 3959 713 4034 Cicero
743 3960 820 4055 ⁸¹).
879 3962 933 4038 Ex
959 3965 1088 4065 quibus
1111 3966 1257 4040 fortasse
1281 3965 1443 4059 hausta,·
1464 3989 1554 4064 quae
1579 3950 1710 4039 Noster
1735 3950 1781 4037 de
1804 3964 1876 4036 im-

304 4085 471 4186 pudicitia
485 4083 647 4185 .Augusti
679 4085 742 4180 ⁸2)
768 4108 893 4163 narrat.

306 4280 577 4303 »anun-nu*-

331 4421 519 4501 -msnet
542 4423 634 4512 Aug·
669 4448 697 4491 c.
718 4428 750 4494 3.
770 4462 810 4481 -
850 4429 905 4516 73)
924 4430 1012 4496 ibid.
1048 4450 1079 4498 c.
1100 4433 1153 4503 77.
1193 4461 1236 4481 ··
1294 4429 1350 4516 77)
1370 4430 1466 4496 Suet.
1487 4426 1582 4516 Aug.
1611 4447 1643 4492 o.
1665 4428 1684 4494 7
1706 4435 1749 4491 st·
1761 4428 1813 4494 70.
1834 4457 1875 4474 -

424 4527 478 4604 75)
500 4528 584 4593 Tac.
605 4529 731 4599 sanat
753 4533 890 4605 1v.‚st.
908 4567 951 4587 -
977 4534 1034 4622 7⁶)
1056 4534 1252 4622 Suscdng.
1276 4555 1308 4599 o.
1328 4540 1349 4598 2
1369 4544 1404 4599 st
1422 4534 1454 4600 lt·
1474 4564 1517 4585 ·-
1549 4530 1603 4620 77)
1624 4529 1710 4594 lbid.
1731 4550 1761 4595 c.
1775 4532 1824 4593 10.
1837 4560 1874 4577 -

422 4634 476 4707 78)
501 4630 585 4696 ibid.
610 4638 713 4701 csid.
739 4670 777 4688 ·
817 4640 978 4723 79J1btd.
1001 4662 1032 4709 o.
1054 4642 1105 4707 63.
1135 4672 1174 4692 ι·
1201 4638 1379 4726 ‘80)1biat.
1402 4642 1503 4709 ew.
1530 4670 1572 4687 -·
1611 4636 1666 4712 st)
1687 4636 1760 4700 cic.
1782 4631 1873 4696 Phil.

426 4737 486 4802 111.
507 4737 536 4800 a.
560 4750 595 4801 st
615 4738 712 4805 xus.
735 4743 765 4807 s.
786 4738 834 4791 ¹-
883 4744 937 4826 se)
959 4738 1163 4829 ersing.
1193 4764 1223 4813 ο.
1245 4746 1295 4812 os.
1530 4736 1538 4763 ⁵
1743 4765 1745 4769 ’

527 4908 1267 5485 Λ
