4508 5736
1148 591 1432 668 ..10-

512 781 647 857 bernus:
697 781 779 856 Fuit
802 780 949 855 fortasse
986 774 1104 870 idern,
1145 772 1195 849 ed
1219 797 1327 874 quem
1353 727 1500 874 epistola
1525 770 1708 848 Ciceronis
1740 732 1991 848 rdhuo'exstet
2008 771 2084 871 ⁴²),
2120 828 2137 843 .
2188 778 2193 795 “

513 931 557 983 ex
580 935 650 1006 qua
676 927 839 1008 apparet,
864 903 910 979 T.
934 904 1109 1004 Ampium
1131 899 1365 977 consumsisse
1389 897 1547 973 studium
1572 897 1610 972 in
1633 898 1792 976 virorum
1816 901 1961 976 fortium
1984 902 2084 977 factis
2156 942 2177 1008 '.

512 1033 705 1109 memoriae
728 1029 933 1131 prodendis.

610 1172 830 1260 Mentionem
851 1181 937 1257 fecit
962 1183 1013 1282 Q.
1044 1179 1262 1255 Tuberonis
1288 1177 1365 1276 ⁴³).
1384 1177 1504 1288 ⁹Pater
1528 1148 1610 1277 ejus
1631 1175 1697 1253 fuit
1722 1170 1774 1252 I).¹
1787 1175 1911 1252 Aelius
1925 1176 2084 1268 Tubero,

374 1358 378 1367 ·
511 1311 576 1411 qui
597 1309 779 1385 hiitoriam
804 1307 1053 1408 conscripsisse
1077 1306 1216 1380 dicitur.
1267 1305 1316 1394 Q.
1343 1304 1577 1384 Tuberonem
1596 1304 1781 1404 utriusque
1806 1302 1909 1400 juris,
1949 1303 2085 1401 publici

511 1462 556 1511 ae
579 1434 719 1535 privati,
761 1431 1207 1539 doctissimum'praedicat
1235 1430 1457 1532 Pomponius
1483 1431 1559 1524 44).
1617 1428 1691 1505 Sed
1723 1456 1868 1532 quoque
1898 1428 2084 1502 historiam

389 1560 398 1574 '
511 1559 712 1637 condidisse
734 1558 890 1653 videtur,
933 1557 1133 1632 Historicus
1158 1556 1253 1631 enim
1285 1555 1413 1633 diserte
1445 1554 1574 1632 dieitur
1608 1550 1630 1631 e
1663 1554 1765 1631 Livio
1799 1557 1834 1629 et
1863 1553 1978 1629 Plinio
2001 1554 2081 1645 Μ).

513 1686 683 1760 Historias
708 1712 730 1759 a
756 1685 959 1785 primordiis
984 1684 1093 1759 Urbis
1117 1709 1230 1783 usque
1264 1683 1310 1756 ad
1344 1711 1407 1758 sua
1439 1704 1600 1779 tempora
1624 1681 1813 1757 deduxisse
1841 1678 1979 1756 videtur
2004 1679 2080 1771 ⁴⁶).

511 1808 645 1884 Gellius
672 1810 737 1900 07)
766 1812 848 1885 citat
871 1812 1002 1884 librum
1027 1809 1206 1910 quendam
1238 1806 1285 1885 ad
1319 1808 1359 1883 C.
1385 1808 1548 1909 Oppium
1580 1810 1624 1883 ab
1658 1834 1701 1884 eo
1735 1809 1915 1904 scriptum.
1966 1804 2083 1879 Semel

368 1992 372 1997 -
402 1962 405 1967 ’
481 1957 643 2011 -tantutn
670 1962 753 2010 euru
777 1936 939 2010 nominat
962 1937 1171 2032 Suetonius,
1204 1936 1308 2012 titulo
1334 1934 1415 2008 libri
1441 1935 1583 2010 οιιιὶιιο.
1660 1934 1761 2025 Quae
1794 1955 1914 2008 autem
1946 1959 1988 2007 ex
2020 1934 2082 2006 illo

452 2057 458 2066 ’
512 2061 672 2154 tradidit,
712 2088 786 2135 nou
819 2062 866 2134 ita
892 2084 1093 2161 comparata
1117 2084 1215 2156 sunt,
1254 2082 1362 2163 uter
1391 2059 1561 2136 historico
1595 2062 1751 2157 quodam
1784 2088 1891 2163 opere
1924 2058 2084 2136 desumta

425 2169 431 2181 ’
510 2212 585 2260 esse
611 2187 780 2260 debeant
821 2185 926 2260 Illum
949 2187 1044 2263 enim
1070 2189 1224 2282 tradere,
1257 2187 1328 2281 sit,
1364 2184 1433 2260 Οιιῖ
1431 2170 1664 2313 Pompeium
1688 2186 1857 2263 heredem
1890 2190 2084 2264 aCaesere

510 2311 616 2384 scribi
636 2310 788 2384 solitum.
839 2311 949 2408 Cujus
980 2312 1029 2387 rei
1055 2315 1269 2390 mentionem
1296 2313 1378 2387 alibi
1404 2326 1548 2413 qu'oque
1572 2313 1686 2387 lacere
1711 2334 1858 2413 poterat.
1918 2316 2083 2412 Pompo-

509 2438 588 2510 nius
613 2435 767 2531 addidit,
806 2436 907 2510 illum
931 2439 1132 2534 complures
1160 2438 1204 2513 de
1230 2459 1381 2539 utroque
1407 2442 1482 2534 jure
1509 2438 1617 2512 libros
1641 2439 1832 2541 reliquisse

609 2588 721 2664 Acta
746 2588 918 2667 Senatus
943 2606 983 2664 et
1010 2591 1161 2664 diurna
1182 2584 1340 2692 populi,
1374 2611 1464 2689 quae
1495 2590 1526 2660 J
1554 2586 1716 2663 Caesar
1706 2590 1866 2686 sustituit,
1891 2595 2081 2698 inspexisse
2164 2671 2167 2677 ,

509 2715 656 2792 videtur.
741 2716 763 2779 Γ

585 2875 590 2881 '
610 2865 659 2937 Hi
684 2865 757 2939 fere
789 2884 872 2939 sunt
895 2863 1103 2962 scriptores,
1129 2887 1219 2955 quos
1245 2861 1434 2936 Suetonius
1459 2862 1534 2959 ipse
1556 2864 1723 2939 nominat.
1772 2867 1846 2942 sed
1859 2870 1963 2945 alios
1984 2876 2084 2946 mul·

509 3008 570 3073 tos
597 2966 891 3083 se'consultasse,
932 2966 1056 3059 crebro
1082 2983 1130 3056 ait
1157 2981 1229 3078 ⁴⁸).
1294 2980 1451 3058 Nomina’
1474 3010 1600 3061 eorum
1624 3010 1740 3063 autem
1764 2990 1969 3092 investigare
1994 3018 2083 3070 esset

512 3140 654 3217 operam
685 3111 844 3215 perdere

610 3263 750 3338 Veritas
781 3281 899 3344 autem
923 3259 1130 3345 narrationis
1163 3258 1325 3333 Suetonii
1356 3258 1577 3359 potissimum
1608 3286 1652 3338 eo
1687 3267 1932 3360 confirmatur,
1983 3270 2082 3366 quod

510 3417 591 3463 curu
615 3387 691 3461 aliis
715 3362 971 3497 scriptoribus,
995 3384 1057 3482 qui
1081 3382 1129 3458 do
1154 3385 1257 3457 rebus
1283 3385 1439 3460 Caesaris
1465 3398 1720 3488 exposuerunt,
1745 3394 1872 3465 crebro
1898 3399 2080 3471 consentit.

515 3514 710 3612 Vellejtsm
737 3525 874 3601 autem,
922 3511 984 3609 qui
1013 3510 1050 3583 in
1083 3510 1229 3585 historia
1263 3537 1325 3584 sua
1350 3538 1494 3587 romana
1526 3514 1627 3611 plura
1646 3514 1703 3601 ,dc
1737 3517 1883 3592 Caesare
1920 3523 2080 3613 narravit,

379 3647 385 3658 '
510 3665 582 3713 non
607 3635 809 3712 adhibuisse
834 3631 972 3710 videtur
997 3634 1195 3709 Suetonius.
1246 3636 1360 3735 Multa
1387 3635 1532 3737 quidem
1557 3640 1681 3731 habet,
1713 3667 1803 3742 quae
1829 3669 1972 3745 quoque
1998 3645 2078 3718 No-

263 3762 267 3774 ’
367 3792 372 3803 ·
506 3786 580 3867 ster
607 3760 759 3836 tradidit.
823 3759 953 3834 Nonne
984 3779 1102 3830 autem
1136 3759 1296 3855 eosdem,
1323 3790 1414 3863 quos
1439 3763 1613 3861 Velleius,
1653 3767 1770 3841 sontes
1795 3766 1892 3843 adire
1917 3771 2080 3869 poterat?

501 3874 664 3963 *Nomius
689 3888 923 3989 scriptorum,
949 3910 1039 3985 quos
1064 3883 1254 3958 Suetonius
1278 3886 1377 3983 citat,
1399 3888 1479 3961 satis
1504 3889 1718 3984 ostendunt,
1743 3893 1944 3967 etiamtum
1970 3919 2080 3988 opera

422 4103 429 4118 Ι
511 4013 698 4107 exstitisse,
737 4008 934 4112 exquibus
959 4006 1068 4082 multa
1092 4005 1214 4106 tradita
1239 4004 1368 4108 Velleji
1387 4015 1628 4125 profluxisse
1627 3946 1797 4113 videlrtur.
1859 4019 1905 4093 Et
1928 4045 2080 4116 compa-

896 4130 899 4137 ¹
981 4139 987 4147 ·
1287 4132 1301 4159 0

518 4226 787 4249 ..n-nn*

468 4316 493 4398 ’ἑ
547 4340 607 4453 ,02)
628 4365 699 4431 cie.
720 4369 828 4453 Epist.
850 4370 895 4437 sd
916 4371 1055 4445 Dissrs.
1077 4316 1203 4438 vlla
1226 4402 1266 4423 -
1306 4328 1479 4450 msam
1499 4381 1631 4442 insita
1646 4375 1860 4443 Cremo&
1882 4368 1931 4429 -ἒ
1964 4381 2021 4461 00)
2042 4385 2079 4447 in

634 4472 733 4541 lbi).
757 4473 799 4537 dc
820 4495 875 4541 or.
893 4482 971 4547 Jur
993 4472 1194 4555 uenditor
1206 4510 1248 4526 —
1310 4478 1549 4561 llil-bird&
1568 4480 1620 4546 23.
1644 4510 1681 4550 ·,-
1713 4480 1869 4549 90801·
1889 4483 1934 4547 Νι
1963 4490 1998 4547 in
2022 4490 2077 4547 in·

632 4574 709 4639 dice
728 4582 888 4661 scriptor.
910 4578 943 4642 ΙΙ
963 4590 998 4643 et
1012 4578 1267 4652 xxxvt-
1226 4580 1370 4667 -dol
1389 4584 1604 4648 Testimonis
1631 4604 1679 4653 r.
1695 4586 1787 4670 apud
1821 4588 2079 4651 Lachmaunum

631 4677 789 4743 deLisii
812 4683 976 4749 fontibusr
1009 4684 1196 4749 Commeat.
1219 4684 1301 4769 Lo·
1321 4688 1436 4753 t0.-
1455 4690 1531 4768 Ati)
1550 4691 1639 4754 cett
1660 4692 1757 4757 vill.
1777 4695 1806 4760 0.
1826 4700 1869 4745 ⁴
1862 4690 1963 4825 '1⁸82
1985 4691 2077 4755 Suet.

631 4786 1166 4850 murmurosorum.
1673 4840 1676 4845 .
1788 4836 1793 4851 .
