4508 5736
340 1709 345 1717 '
392 1640 460 1770 Si
484 1694 699 1793 antiquarum
726 1695 884 1795 gentium
905 1696 973 1771 fata
999 1696 1245 1798 virorumque,
1270 1695 1332 1796 qui
1357 1696 1393 1767 in
1415 1718 1454 1767 ea
1472 1719 1639 1795 magnum
1656 1698 1876 1769 momentum

307 1822 499 1912 habebant,
533 1818 617 1893 vitas
643 1820 878 1916 inquiramus,
910 1828 986 1916 jure
1011 1821 1192 1916 dolemus,
1227 1820 1327 1924 quod
1352 1842 1422 1895 tam
1448 1820 1557 1894 multa
1582 1820 1769 1895 historicae
1795 1822 1877 1895 artis

307 1964 533 2023 monumenta
556 1945 655 2019 nobis
681 1973 754 2022 uon
779 1970 908 2022 serrata
934 1970 1035 2041 sunt,
1071 1950 1268 2050 exquibus
1294 1968 1490 2024 accuratam
1517 1945 1684 2024 historiae
1715 1948 1877 2043 antiquae

308 2073 545 2173 cognitionem
569 2100 753 2173 possumus
778 2073 927 2148 haurire.
988 2072 1121 2149 Felices
1147 2081 1216 2171 jam
1244 2076 1292 2149 ob
1317 2073 1355 2147 id
1380 2100 1446 2148 nos
1471 2072 1671 2173 praedicare
1694 2073 1876 2166 debemus,

309 2199 407 2297 quod
429 2198 593 2272 munulla
616 2220 731 2273 tamen
756 2198 872 2275 adhuc
898 2200 1001 2275 nobis
1026 2222 1231 2301 supersunt,
1273 2202 1402 2301 quibus
1427 2224 1546 2275 rerum
1571 2222 1656 2275 tunc
1680 2221 1807 2274 statum
1834 2227 1876 2275 ex

311 2351 407 2427 parte
432 2328 550 2399 saltem
575 2352 786 2425 cognoscere
810 2327 903 2405 licet.
955 2326 1001 2401 Et
1022 2352 1156 2421 paucos
1182 2347 1317 2401 tautum
1342 2352 1383 2401 cx
1410 2328 1743 2427 transcriptorum
1761 2330 1874 2428 copia,

218 2436 229 2449 ⁶
313 2458 370 2555 qui
397 2466 441 2527 de
462 2455 677 2552 temporibus
702 2454 954 2548 imperatorum
988 2479 1216 2528 romanorum
1253 2476 1511 2555 exposuerunt,
1554 2455 1658 2529 nobis
1691 2479 1873 2555 superesse

311 2581 399 2673 inter
423 2603 538 2653 onnes
563 2580 644 2653 satis
670 2599 810 2654 constat.
862 2578 1002 2667 Quibus
1027 2576 1309 2653 annumerandus
1332 2600 1383 2653 est
1408 2579 1610 2674 Suetonius,
1636 2584 1712 2680 qui,
1744 2606 1873 2681 quam-

312 2732 413 2801 quam
437 2705 580 2781 breviter
606 2707 690 2781 vitas
711 2692 964 2807 imperatorum
989 2729 1218 2785 romanormn
1243 2702 1328 2779 inde
1352 2732 1372 2778 a
1398 2704 1545 2781 Caesare
1567 2703 1613 2779 ad
1629 2704 1874 2781 Domitianum

312 2856 419 2925 usque
435 2833 604 2923 narravit,
643 2855 775 2921 umen,
817 2859 930 2933 quum
955 2834 1065 2906 multa
1089 2830 1177 2923 sint,
1224 2856 1314 2931 quae
1339 2831 1397 2905 ille
1422 2860 1514 2906 unus
1546 2832 1650 2908 nobis
1681 2831 1873 2925 tradiderit,

303 2976 462 3047 tauquam
486 2950 674 3046 primarius
696 2960 776 3025 fons
799 2978 924 3047 magna
948 2984 992 3024 ax
1016 2975 1114 3042 parte
1138 2976 1211 3023 non
1245 2955 1420 3024 immerito
1453 2957 1675 3026 existimatur.
1723 2960 1875 3032 Potissi-

300 3106 396 3152 mum
420 3096 536 3151 autem
562 3077 609 3149 ob
635 3074 672 3148 id
698 3096 752 3149 cst
777 3070 1028 3166 aestimandus,
1065 3067 1166 3171 quod
1188 3096 1262 3144 non
1287 3068 1398 3146 modo
1425 3073 1568 3148 illorum
1592 3079 1793 3177 principum
1818 3109 1871 3156 res

289 3212 433 3303 'gestam
473 3230 559 3303 quas
592 3199 770 3277 interdum
796 3226 940 3301 quoque
967 3225 1010 3273 ex
1036 3198 1111 3271 aliis
1138 3200 1370 3298 scriptoribus
1403 3221 1524 3296 petere
1557 3230 1767 3300 possumus,
1809 3206 1874 3281 sed

296 3328 439 3431 quoque
462 3328 665 3405 interiorem
691 3327 965 3426 familiaremque
989 3350 1115 3401 eorum
1139 3324 1245 3400 vitam
1269 3326 1463 3403 memoriae
1486 3327 1654 3425 prodidit.
1693 3332 1873 3421 Quantum

294 3452 463 3557 ponderis
489 3476 603 3530 autem
630 3456 870 3552 quaestionem
903 3452 1050 3543 habere,
1092 3478 1178 3524 num
1217 3452 1408 3528 Suetonius
1438 3454 1476 3528 in
1511 3456 1582 3530 suis
1616 3459 1871 3535 narrationibus

292 3584 472 3659 veritatem
498 3580 695 3673 tradiderit,
728 3581 806 3680 quis
834 3600 902 3671 est,
934 3579 1094 3679 quinon
1119 3577 1317 3677 intelligat?
1381 3578 1534 3655 Necesse
1566 3581 1683 3682 itaque
1718 3599 1789 3678 est,
1829 3609 1870 3660 ut

293 3714 512 3787 instituamus
538 3707 839 3804 disquisitionem,
880 3705 999 3804 quales
1030 3704 1147 3777 sontes
1183 3705 1250 3779 sibi
1285 3706 1428 3806 elegerit
1462 3729 1496 3780 et
1531 3706 1716 3804 quomodo
1748 3710 1791 3787 iis
1825 3714 1870 3785 sit

290 3868 384 3915 usus.
456 3837 551 3913 Nam
589 3835 675 3909 hinc
706 3830 863 3935 pendere
894 3824 1003 3902 fidem
1036 3829 1275 3904 narrationum
1313 3832 1476 3909 Suetonii
1513 3862 1620 3910 nemo
1652 3861 1726 3911 non
1761 3836 1864 3916 videt.

241 3986 247 3997 '
291 3968 412 4055 Quare
438 3992 514 4041 non
537 3990 662 4040 ranam
687 3984 833 4060 operam
857 3982 915 4031 me
938 3976 1182 4055 suscepturum
1208 3956 1378 4052 arbitror,
1419 3960 1449 4033 si
1478 3961 1593 4036 sontes
1617 3962 1779 4036 Suetonii
1802 3992 1868 4063 ag-

290 4088 429 4189 grediar
453 4091 643 4191 inquirere·
689 4087 809 4175 Quam
832 4080 1131 4183 disquisitionem,
1157 4106 1329 4182 quantum
1355 4086 1522 4180 equidem
1546 4088 1640 4182 scio,
1672 4115 1778 4166 nemo
1806 4092 1864 4166 in-

291 4218 402 4293 stituit
425 4236 562 4317 praeter
586 4214 691 4291 Solet
710 4210 756 4286 V.
782 4213 849 4302 D.,
896 4204 995 4281 cuius
1021 4210 1268 4285 commentatio
1302 4232 1436 4287 tantum
1468 4240 1511 4289 ex
1548 4215 1701 4313 epitome
1735 4216 1864 4293 Diariis

289 4341 579 4445 Gottingeusibus
604 4341 732 4418 inserta
762 4341 798 4430 ¹)
821 4333 911 4412 milti
934 4332 1096 4408 innotuit

323 4647 364 4771 Ι1)
395 4644 552 4733 Gb‘tting.
574 4643 726 4731 gelehrte
747 4639 894 4729 Amaig.
918 4660 952 4707 r.
973 4637 1073 4718 1825,
1104 4656 1139 4723 p.
1161 4636 1242 4705 ists
1261 4670 1304 4689 -
1323 4640 1375 4711 1⁸7.

1415 4744 1475 4821 1*
