4508 5736
1042 374 1355 479 .··⁷··'‘

286 622 309 659 .:-
392 575 431 650 iu
456 569 605 676 gratiam
627 565 784 643 Caesaris
810 561 1052 675 composuerit
1078 562 1168 664 ¹⁵).·
1203 560 1385 639 'Aliorum
1418 559 1576 638 virorum
1608 557 1695 636 vitas
1727 541 1990 692 conscripsi&

388 698 587 799 colligimus
622 721 666 769 ex
691 690 900 769 testimoniis
928 689 1159 790 scriptorum,
1207 691 1280 792 qui‘
1308 689 1358 766 ad
1390 715 1451 766 eas
1477 690 1635 765 referunt
1662 677 1734 786 ιδ).
1807 688 1979 765 Εοηαεεό

387 848 533 925 quoque
558 814 720 897 condidit
748 818 854 893 vitam
881 817 1056 909 Caesaris,
1095 843 1310 920 quamquam
1333 815 1424 892 nibil
1448 815 1536 892 certi
1561 812 1605 888 de
1630 813 1701 887 hac
1725 839 1764 888 re
1788 811 1960 889 babemus
2030 866 2036 876 .
2079 871 2086 884 .

343 1020 349 1029 .
385 947 482 1025 Nam
518 970 634 1046 neque
665 943 860 1019 Suetonius
892 942 1032 1019 titulum
1058 944 1141 1018 libri
1170 943 1318 1043 adjecit,
1368 965 1484 1043 neque
1507 940 1731 1033 Plutarchus,
1769 941 1832 1036 qui
1863 947 1971 1017 semel
2049 1038 2060 1052 ι

389 1072 551 1173 Oppium
575 1071 614 1143 in
638 1068 708 1146 vita
734 1068 891 1144 Caesaris
928 1097 958 1145 c
986 1070 1045 1145 17.
1073 1071 1165 1147 citat.
1232 1068 1336 1144 Idem
1367 1067 1508 1168 Oppius
1546 1065 1658 1143 edidit
1691 1068 1823 1142 librum
1836 1088 1854 1142 τ·
1887 1096 1970 1144 non

387 1190 472 1276 esse
493 1198 677 1274 Caesaris
687 1195 850 1298 filium,
882 1221 1000 1297 quem
1028 1196 1247 1299 Cleopatra
1269 1199 1385 1270 dicat
1416 1195 1488 1285 ¹⁷).
1544 1191 1643 1268 Num
1667 1193 1741 1269 hoc
1764 1190 1970 1271 libro'usus
2041 1218 2044 1224 ·
2160 1186 2193 1198 ‘⁶

257 1400 262 1411 f
386 1328 450 1417 sit,
491 1324 528 1397 in
563 1346 642 1418 quo.
671 1319 812 1420 Oppius
849 1317 896 1395 de
929 1320 1086 1396 Caesaris
1127 1322 1377 1420 conjunctione
1414 1345 1497 1395 cuur
1532 1319 1717 1419 Cleopatra
1751 1345 1967 1420 quamquam
2100 1420 2103 1425 ἢ

385 1435 495 1524 multa
520 1449 556 1523 iu
582 1446 729 1548 gratiam
756 1445 912 1520 Caesaris
938 1445 1139 1547 exposuisse
1164 1446 1323 1541 videtur,
1363 1450 1540 1521 incertum
1563 1465 1626 1519 est.
1687 1444 1854 1540 Ejusdem
1885 1445 1970 1544 Op-

386 1578 438 1678 pii
462 1594 523 1658 nut
547 1573 655 1648 Hirtii
694 1577 799 1667 (nam
832 1570 878 1647 de
912 1593 1056 1648 auctore
1089 1572 1299 1675 ambigitur)
1339 1572 1470 1646 librum
1503 1568 1550 1646 de
1579 1570 1677 1648 bello
1716 1571 1999 1684 Alexandrinos

388 1702 556 1776 Africano
582 1720 618 1774 et
641 1697 855 1798 Hispanico,
899 1698 1100 1774 consultare
1132 1725 1207 1774 non
1230 1697 1394 1801 neglexit.
1807 1703 1822 1725 '
2060 1696 2066 1703 “

471 1825 617 1927 Neque
641 1824 914 1925 praetermisisse
938 1822 1080 1901 videtur
1103 1828 1303 1920 Hirtium,
1329 1825 1620 1922 aequs'Caesaris
1645 1826 1821 1923 amicum,
1840 1855 1970 1930 quarn-

292 2010 295 2017 ‚
388 1982 496 2057 quam
520 1976 705 2048 nunquam
731 1971 854 2026 testem
878 1952 1086 2029 narrationis
1115 1978 1199 2028 eum
1224 1953 1394 2028 adhibuit
1445 1951 1510 2026 Ille
1535 1953 1692 2027 Caesaris
1717 1953 1822 2029 eitam
1855 1978 1968 2049 usque

387 2081 434 2155 ad
455 2079 586 2156 exitum
612 2076 843 2177 composuit,
864 2098 904 2153 ut
928 2078 1005 2175 ipse
1030 2078 1136 2156 tradit
1165 2077 1236 2178 ’1)
1287 2078 1472 2181 Praeterea
1497 2077 1578 2191 belli
1604 2078 1731 2154 Gallici
1756 2080 1887 2154 librum
1909 2081 1969 2154 ul-

387 2209 513 2283 timum
538 2204 732 2307 supplevit,
758 2224 812 2301 et,
837 2225 878 2280 ut
900 2204 1089 2281 verisimile
1115 2226 1188 2304 est,
1233 2206 1366 2281 bellum
1389 2203 1670 2281 Alexandrinum
1694 2203 1865 2280 condidit.
1962 2296 1967 2306 ⁵

488 2333 550 2410 Ad
573 2333 752 2432 veritatem
787 2328 944 2433 prodigii
975 2331 1161 2407 cuiusdam
1194 2331 1438 2434 probandam,
1471 2327 1573 2434 quod
1605 2331 1649 2405 ab
1687 2330 1860 2405 Suetonio
1890 2332 1968 2404 fuse

386 2484 564 2556 narratur,
598 2457 745 2535 adhibet
769 2457 1009 2533 auctoritatem
1037 2458 1212 2535 Cornelii
1234 2459 1354 2536 Balbi
1381 2456 1462 2555 ¹⁹),
1504 2481 1613 2559 qrrem
1638 2455 1795 2534 Caesaris
1817 2455 1968 2529 familia-

181 2652 183 2659 .
269 2586 273 2591 ’
386 2589 561 2664 rissimum
588 2585 684 2661 dicit
745 2581 805 2660 Ad
837 2581 936 2658 hunc
964 2583 1123 2659 Balbum
1162 2607 1196 2660 et
1228 2584 1277 2660 nd
1309 2582 1471 2686 Oppium
1508 2580 1689 2656 exstabant
1738 2579 1780 2654 C.
1812 2580 1968 2654 Caesaris

386 2716 611 2816 epistolarum
636 2711 737 2806 libri,
762 2731 803 2785 nt
826 2729 972 2785 testatur
996 2708 1131 2785 Gellius
1160 2707 1264 2806 ²⁰).-
1300 2710 1356 2786 Ex
1387 2729 1512 2787 nostro
1542 2709 1625 2782 loco
1658 2705 1840 2798 concludit
1868 2706 1967 2781 Vos-

379 2840 458 2909 'sius
486 2840 568 2925 2¹),
604 2839 755 2911 Balbum
779 2847 876 2935 gesta
902 2836 1059 2914 Caesaris
1085 2839 1256 2939 signasse,
1282 2831 1591 2936 qundoquidem,
1617 2859 1730 2939 quum
1754 2859 1821 2910 nos
1837 2829 1966 2908 dehac

380 2950 427 3032 ¹'re
451 2955 526 3029 aliis
551 2953 689 3027 iudiciis
715 2977 915 3048 careamus,
952 2960 989 3030 in
1020 2956 1142 3033 medio
1167 2958 1372 3053 relinquam

490 3080 534 3155 Ο.
558 3079 726 3155 Asinius
745 3078 879 3154 Pollio
902 3108 977 3156 non
1000 3066 1112 3159 modo
1132 3102 1210 3157 erat
1232 3099 1395 3155 strenuus
1417 3076 1531 3174 miles,
1556 3076 1621 3154 sed
1645 3104 1790 3180 quoque
1815 3083 1966 3185 scriptor
2012 3179 2016 3193 Ι

386 3205 645 3299 celeberrimus,
670 3202 716 3281 de
730 3204 830 3280 cuius
855 3206 920 3282 riri
945 3208 1014 3285 rita
1039 3230 1073 3285 et
1088 3205 1227 3306 seriptis
1252 3223 1449 3281 accuratam
1473 3206 1807 3282 commentationem
1826 3210 1966 3310 scripsit

386 3329 601 3410 Thorbeclse
627 3330 702 3422 θ’).
764 3317 877 3432 Apud
902 3335 1101 3434 Augustum
1130 3360 1258 3436 magna
1280 3333 1317 3407 in
1343 3333 1451 3433 gratia
1474 3331 1600 3426 luisse,
1636 3351 1805 3407 testantur
1829 3355 1962 3410 veteres

386 3460 575 3555 scriptores
603 3454 679 3548 ²³).
732 3456 919 3558 Scripsisse
948 3460 1031 3535 belli
1062 3459 1172 3536 civilis
1204 3459 1299 3535 inter
1321 3459 1505 3535 Caesarem
1536 3481 1571 3535 ct
1601 3443 1817 3557 Pompeium
1845 3460 1963 3538 histo-

387 3589 476 3662 riam
498 3583 578 3657 satis
608 3603 760 3675 constat,
793 3611 908 3684 quam
932 3584 1106 3662 Nostrum
1130 3586 1321 3689 inspexisse
1351 3604 1557 3684 persuasum
1585 3584 1675 3658 mihi
1698 3584 1815 3661 haheo
1841 3611 1884 3668 ex
1908 3589 1963 3680 iis,

388 3738 477 3816 quae
501 3715 539 3782 in
563 3707 633 3782 vita
657 3707 756 3781 Caes.
781 3734 811 3782 c
837 3712 899 3785 30.
928 3733 1046 3788 namot
1069 3713 1215 3788 nomine
1237 3712 1408 3788 Pollionis
1432 3710 1566 3786 addito.
1617 3711 1721 3788 Hanc
1746 3739 1894 3814 operans
1914 3718 1962 3792 ita
2035 3754 2040 3765 ·

387 3841 546 3917 dilatasse
570 3834 791 3930 Pollionem,
825 3835 937 3916 credit
962 3833 1178 3916 Thorbecle
1200 3863 1237 3938 p.
1267 3839 1360 3934 119,
1398 3857 1441 3913 ut
1454 3862 1457 3867 ·
1472 3837 1511 3915 in
1541 3825 1684 3916 omnem
1709 3840 1765 3917 uri
1790 3850 1961 3942 temporis

388 4034 656 4056 -ι--Ψ-ΙΙ·

429 4175 787 4266 15)P1ursrch.opp.
813 4180 856 4247 Τ.
870 4182 924 4250 tv.
952 4203 986 4269 p·
1006 4185 1078 4255 72l.
1104 4184 1240 4252 Reisks.
1262 4218 1301 4236 -
1343 4168 1397 4274 16)
1418 4186 1519 4252 Voss.
1551 4184 1575 4251 1.
1597 4204 1627 4254 c.
1652 4217 1693 4234 -
1736 4189 1791 4266 17)
1813 4186 1955 4255 Sueten.

374 4338 378 4345 .
507 4290 542 4347 in
563 4282 752 4373 ritaGa'er.
783 4304 813 4355 o.
824 4287 880 4363 52.
899 4320 944 4339 -
983 4289 1038 4369 18)
1060 4289 1102 4355 de
1122 4291 1214 4356 bello
1234 4291 1377 4359 Gallico.
1399 4290 1497 4359 Vlll.
1519 4294 1604 4355 1.-
1645 4292 1699 4365 19>
1717 4291 1814 4361 Suet.
1830 4295 1957 4360 iuvita
1991 4362 1997 4373 ,

510 4389 604 4453 (laer.
633 4409 661 4453 c.
681 4387 733 4458 81.
752 4424 795 4443 ·-
834 4396 895 4477 20)
913 4395 1000 4467 Gen.
1022 4393 1188 4465 xv11.9.
1211 4428 1250 4445 -
1289 4392 1346 4486 21)
1364 4399 1466 4475 Voss.
1489 4395 1531 4461 de
1552 4396 1634 4467 hist.
1655 4398 1715 4464 lat.
1735 4400 1763 4467 1.
1793 4401 1958 4470 013.-

386 4489 393 4500 ’
507 4495 561 4570 22)
590 4491 622 4556 J.
640 4496 683 4559 fl.
703 4496 891 4564 Yborbsrlii
919 4505 1163 4569 commentatio
1193 4503 1236 4568 do
1264 4505 1301 4573 0.
1323 4505 1437 4568 Asinii
1465 4505 1628 4598 Pollionis
1659 4505 1733 4579 vita
1763 4513 1800 4571 ct
1828 4506 1953 4573 studiis
2061 4572 2065 4577 .

510 4605 696 4668 doctrinae.
724 4603 840 4694 Lngd.
859 4608 935 4675 aas
956 4608 1046 4675 1820.
1069 4608 1147 4679 8ro.
1173 4639 1215 4657 -
1254 4607 1312 4694 23)
1332 4608 1546 4677 Testimonia
1567 4632 1601 4676 r.
1624 4610 1714 4695 apud
1736 4611 1892 4677 eundem.
1913 4648 1954 4665 ·-
2189 4649 2196 4661 ·
