4404 5724
747 520 801 541 ...
876 472 944 561 13·
999 520 1052 540 .-

27 732 30 738 .
114 665 252 758 fecerit,
282 664 453 741 incertum
480 667 540 736 est.
591 661 791 739 Verisimile
816 687 932 740 tamen
958 664 1114 760 videtur-⁴,
1154 692 1236 741 eum
1259 694 1405 746 omnem
1430 671 1534 749 vitam
1562 673 1691 748 indes

112 791 273 867 natalitiis
298 786 481 889 usquead
506 788 645 862 initium
672 790 756 864 balli
781 790 978 866 Cantabtiei
1013 791 1050 866 in
1082 791 1125 865 iis
1152 795 1371 891 exposuisse,
1423 799 1625 896 praesertim
1661 801 1691 870 si

113 915 320 1008 contuleris,
345 938 435 1014 quae
460 913 652 989 Suetonius
675 916 712 989 in
738 915 807 992 rita
828 914 978 1014 Augusti
1003 942 1034 989 c.
1052 921 1087 991 2.
1113 916 1265 993 tradidit.
1315 920 1516 1020 Augustum
1536 925 1691 1020 equestri

113 1043 241 1124 familia
266 1066 304 1115 se
329 1060 448 1115 ortum
472 1039 670 1138 scripsisse,
695 1040 761 1136 ait,
786 1042 915 1141 inqua
940 1062 1146 1140 paterenus
1171 1042 1306 1138 primus
1331 1043 1481 1117 Senator
1506 1046 1619 1118 fuerit.
1639 1085 1689 1100 -

112 1168 165 1242 Ea
189 1165 316 1241 iisdem
347 1165 608 1240 commentariis
640 1165 746 1265 petita
782 1190 857 1238 esse
880 1163 1068 1263 ludantur,
1107 1166 1269 1266 quaeda
1302 1166 1438 1242 insidiis
1472 1172 1636 1269 Augusto
1670 1200 1691 1242 a

38 1326 44 1347 ι
111 1295 156 1381 Q.
183 1292 286 1365 Gallo
321 1290 418 1366 factis
451 1289 582 1363 Noster
620 1290 724 1363 refert
761 1291 842 1383 ⁵0),
866 1344 869 1348 -
897 1319 1111 1392 quamquam
1144 1292 1286 1367 titulum
1320 1293 1401 1366 libri
1434 1319 1507 1367 nou
1541 1292 1677 1368 addidit

108 1417 203 1492 Nam
228 1442 302 1490 rem
327 1414 476 1490 eandem
500 1441 544 1490 ex
562 1415 714 1514 Augusti
740 1416 1000 1491 commentariis
1025 1417 1172 1517 petitam
1196 1438 1313 1492 narrat
1326 1416 1513 1518 Appianas
1544 1419 1615 1507 Η).
1638 1456 1687 1472 -

110 1542 310 1642 Epistulas
335 1541 515 1640 Augusti
538 1540 684 1615 minime
708 1541 867 1641 neglexit
920 1541 1056 1616 Crebro
1080 1567 1138 1616 eas
1162 1567 1323 1641 expresse
1349 1542 1509 1617 nominat
1526 1543 1605 1640 η),
1629 1549 1689 1616 in-

110 1667 251 1743 terdum
274 1665 380 1740 verba
404 1690 447 1740 ex
473 1663 516 1738 iis
541 1665 716 1759 reserens,
749 1691 899 1766 quarum
922 1668 1049 1741 multas
1075 1694 1096 1741 a
1118 1694 1225 1741 manu
1241 1664 1390 1765 Augusti
1413 1665 1523 1764 ipsius
1544 1668 1689 1766 scriptas

52 1803 60 1812 ‘
110 1791 300 1892 inspexisse
325 1814 363 1864 se
383 1788 572 1864 Suetonius
597 1810 714 1866 narrat
743 1792 814 1888 5³).
841 1831 892 1845 -
945 1791 1023 1867 Alia
1048 1817 1194 1893 qrraqne
1208 1816 1252 1866 ex
1267 1795 1430 1890 Angusta
1445 1789 1574 1884 hausit,
1598 1818 1688 1886 quae

110 1939 227 1992 autem
241 1939 313 2012 qno
329 1912 510 1993 relerenda
525 1915 595 1989 sint
619 1914 721 1990 valde
740 1915 961 2016 ambigimus,
985 1938 1027 1992 ut
1042 1942 1130 2013 quaa
1147 1915 1329 2015 Augustus
1353 1912 1400 1988 de
1428 1912 1581 1989 ducatio
1593 1936 1686 1988 'curn

109 2040 294 2117 Scribonia
319 2040 461 2140 scripsit
474 2041 546 2138 ⁵⁴),
578 2068 687 2141 porro
713 2067 804 2143 qnae
828 2042 875 2118 de
899 2042 1011 2118 vitatis
1035 2039 1302 2117 reconditorum
1322 2039 1512 2114 verborum
1535 2027 1709 2113 foetori?

110 2168 178 2242 nus
209 2166 289 2261 ³³),
329 2189 418 2261 quae
445 2164 492 2240 de
515 2165 665 2242 Antonii
690 2168 785 2242 malo
812 2189 918 2269 atque
949 2166 1163 2242 inconstanti
1197 2163 1338 2240 dicendi
1373 2162 1517 2263 ingenio
1547 2163 1609 2255 ⁵⁶)
1643 2190 1686 2236 ex

111 2295 273 2391 Augusto
297 2291 412 2366 refert
465 2290 637 2392 Expresse
668 2291 714 2368 ad
746 2275 950 2395 Augustum
975 2320 1193 2390 provocam,
1233 2290 1340 2366 tradit
1364 2289 1539 2390 populum
1555 2286 1600 2361 de
1625 2288 1686 2361 in-

111 2417 192 2518 opia
217 2437 252 2492 et
274 2415 416 2491 caritate
441 2413 512 2490 vini
538 2441 764 2517 quaerentem
777 2420 877 2495 illurn
896 2420 1096 2497 coercuisse
1126 2420 1205 2511 ’7)
1229 2415 1450 2491 Mantianem
1472 2412 1579 2487 simul
1603 2411 1688 2485 lecit

108 2545 292 2642 Augustus
324 2538 508 2616 ductarum
542 2569 732 2639 aquarum,
790 2572 876 2641 quas
900 2567 1116 2623 exstruxerat
1146 2543 1314 2644 Agrippa.
1384 2536 1496 2629 Quod
1538 2538 1686 2639 quidem
1752 2537 1753 2541 ’

110 2673 241 2743 lactum
266 2690 342 2742 esse
364 2693 394 2740 a.
421 2692 456 2740 u.
482 2667 555 2742 721
582 2692 626 2742 ex
642 2668 762 2744 Dione
780 2670 842 2763 ⁹⁰)
870 2669 1046 2746 discimus
1096 2669 1220 2760 Quum
1244 2688 1360 2743 autem
1376 2665 1558 2765 Augustus
1580 2690 1685 2739 cotn-

110 2793 299 2871 mentarios
330 2818 415 2866 suos
440 2818 553 2892 usque
585 2791 631 2867 ad
667 2822 799 2891 annum
830 2822 870 2874 n.
895 2823 927 2870 c.
954 2799 1051 2891 729,
1091 2821 1166 2895 quo
1191 2795 1324 2868 bellum
1351 2790 1599 2865 Cantabricum
1632 2811 1685 2861 est

110 2920 333 3015 incoeptum,
357 2913 563 3005 deduxerit,
585 2915 663 2988 lieri
685 2916 777 2987 bene
801 2937 959 3013 poterat,
984 2937 1026 2988 ut
1050 2940 1094 2988 ex
1117 2916 1177 2987 his
1201 2914 1437 2987 narrationem
1461 2911 1592 2986 Noster
1616 2935 1683 3008 pe-

111 3040 259 3118 tiverit·

209 3164 520 3238 Monumentum
544 3163 810 3265 Ancyranum
831 3192 904 3242 non
930 3164 1122 3267 neglexisse
1141 3164 1351 3241 Suetonium
1377 3189 1419 3240 ex
1445 3190 1490 3240 eo
1514 3189 1683 3265 apparere

109 3289 199 3366 mihi
223 3286 379 3381 videtur,
411 3287 511 3383 quod
536 3286 705 3364 deludis
728 3291 774 3365 ab
799 3293 963 3392 Augusto
987 3291 1086 3370 sactis
1112 3318 1178 3391 pro
1204 3318 1242 3367 se
1267 3313 1304 3366 et
1327 3292 1402 3367 aliis
1427 3291 1683 3392 magistratibus
1788 3384 1793 3391 ι

109 3415 256 3508 iisdem,
280 3413 410 3514 quibus
434 3412 474 3488 id
498 3413 790 3510 Monumentum,
819 3417 934 3491 verbis
959 3417 1081 3513 refert,
1119 3416 1225 3490 simul
1248 3415 1294 3491 ad
1320 3416 1521 3518 Augustum
1546 3441 1684 3512 provo-

110 3570 202 3618 cans.
252 3541 338 3629 Quo
362 3539 555 3618 accuratius
578 3539 668 3614 haec
689 3539 872 3642 intelligas,
895 3541 1078 3641 utriusque
1100 3540 1204 3617 verba
1225 3527 1362 3615 addam.
1388 3543 1579 3617 Suetonius
1600 3543 1681 3634 19);

111 3671 260 3745 Fecisse
283 3665 401 3741 Isidos
423 3691 488 3746 se,
505 3669 576 3740 'ait
599 3664 821 3766 (Augustas),
852 3693 925 3743 suo
947 3662 1301 3767 nomins'quuter:
1332 3693 1407 3767 pra
1432 3669 1524 3741 aliis
1548 3670 1682 3763 magi·
1740 3764 1743 3769 ι

110 3791 326 3874 stratibus,
359 3794 432 3894 pua'
456 3807 534 3864 aut
559 3789 765 3871 abessent,
812 3808 889 3866 aut
920 3819 1003 3866 non
1026 3794 1282 3894 sufficerent,
1319 3810 1381 3866 tar
1406 3809 1445 3865 et
1471 3795 1604 3865 vicies.
1631 3824 1682 3841 -·

110 3922 384 3998 Monumentum
409 3915 564 4012 Ancyra
601 3916 739 3989 Ludos
751 3917 842 4012 feei
864 3943 951 3990 meo
975 3925 1137 3991 nomine
1162 3937 1324 4018 quater,
1350 3919 1523 3993 aliorum
1543 3905 1683 3990 autem

111 4053 424 4148 magistratuum
447 4040 674 4118 absentium
697 4057 760 4116 ter
783 4057 824 4115 et
848 4044 1012 4118 ariciens.
1080 4042 1137 4117 Ex
1162 4041 1289 4118 eodem
1313 4062 1546 4119 monumento
1574 4042 1683 4142 petita
1734 4117 1747 4151 5

152 4404 502 4482 5011111127.-
541 4402 597 4494 51)
616 4408 760 4493 Appian.
781 4405 865 4471 Ball.
887 4402 966 4475 Cir.
989 4403 1052 4472 111.
1075 4407 1128 4476 91.
1170 4440 1214 4457 -
1265 4404 1323 4486 52)
1343 4404 1438 4472 Suet.
1459 4406 1548 4493 Aug.
1576 4423 1607 4471 a.
1627 4406 1678 4471 10.

232 4510 284 4573 tt
305 4511 358 4572 11.
377 4507 427 4577 ott.
447 4511 498 4577 71.
519 4510 570 4579 76.
594 4511 644 4582 81.
667 4515 717 4582 87.
737 4514 788 4581 92.
809 4545 853 4562 -
892 4510 1250 4590 suminatam.
1274 4543 1309 4560 -
1352 4511 1407 4590 51)
1426 4509 1514 4576 1111.
1534 4509 1680 4576 col.-

232 4610 287 4698 55)
309 4610 396 4674 1111.
425 4633 454 4678 c.
474 4614 526 4680 85.
557 4648 596 4664 -
644 4617 699 4696 56)
721 4616 805 4681 1111
826 4617 847 4682 l.
871 4637 902 4684 c.
939 4645 979 4666 -
1019 4615 1073 4703 57)
1094 4615 1225 4683 tatus
1256 4619 1308 4685 tt
1337 4648 1379 4665 -·
1417 4613 1476 4693 58)
1496 4613 1565 4678 Dio
1587 4613 1678 4676 cass.

234 4719 293 4784 tt.
313 4719 366 4783 18.
390 4748 424 4764 -
465 4721 519 4804 59)
538 4723 636 4789 snat.
658 4722 747 4809 Aug.
768 4741 797 4788 c.
817 4721 870 4787 13.
1376 4722 1378 4726 ’
