4508 5736
1051 469 1361 547 ...14-

421 656 606 748 ridentur,
642 675 735 752 quae
760 672 876 729 narra
901 647 947 727 de
972 649 1080 752 signia
1103 677 1125 724 a
1150 648 1288 727 Parthia
1311 648 1483 724 Romanis
1514 645 1680 723 restitutis
1694 644 1789 745 66),
1835 671 1925 746 quae
1950 645 1997 720 de

423 811 531 859 ceusu
554 780 680 882 populi
702 779 857 857 Romani
884 777 966 876 ⁶¹),
998 775 1045 853 de
1068 775 1247 851 frumento
1271 770 1518 876 populn‘dato
1538 771 1600 870 66)
1627 793 1664 849 et
1688 796 1776 869 quse
1801 768 1847 847 de
1868 792 2000 847 mune·
2092 798 2122 858 '.

422 909 521 981 ribus
539 903 686 987 tradidit
712 902 792 1001 66),
826 904 890 979 nbi
913 903 1019 980 rerba
1039 901 1148 1010 etism
1173 928 1256 978 eum
1279 903 1341 981 illo
1366 903 1603 980 Monumentn
1629 898 1862 992 consentiunt,
1882 920 1998 994 porro

424 1060 513 1134 quae
535 1028 825 1107 decorantis-ex
846 1028 945 1105 ltalia
969 1024 1131 1103 deductis
1158 1026 1242 1121 66),
1283 1026 1329 1103 de
1360 1027 1483 1103 statuis
1508 1027 1674 1128 Augusto
1707 1024 1830 1127 positis
1863 1024 1906 1098 ab
1930 1049 1999 1098 eo·-

424 1161 576 1256 demque
601 1158 761 1235 oonllstia
788 1155 874 1253 66),
919 1151 966 1229 de
997 1151 1182 1253 Agrippae
1212 1151 1293 1229 filiis
1324 1151 1373 1227 ad
1405 1152 1627 1230 oonsulatum
1642 1181 1645 1187 ·
1661 1150 1837 1252 promotis
1864 1147 2001 1226 'Noster

423 1285 630 1362 memoravit
657 1283 731 1375 66).
1367 1277 1369 1281 ’

526 1413 580 1486 Ex
612 1406 768 1509 Augusti
799 1403 922 1480 amieis
958 1404 1079 1505 ploret
1117 1399 1243 1476 adiisse
1277 1397 1425 1476 viderur.
1488 1398 1661 1478 Nominat
1699 1402 1763 1479 M.
1794 1402 2003 1478 Valerium

422 1537 642 1613 Messalam
655 1535 912 1611 Coruinum,
939 1530 1004 1631 qui
1026 1530 1096 1604 sub
1112 1526 1276 1628 Augusto
1302 1547 1356 1601 eat
1378 1524 1528 1628 adeptus
1551 1529 1783 1622 eontralatum,
1809 1548 2002 1628 posteaqua

423 1661 472 1736 ad
498 1657 875 1763 praefecturam-urbis
898 1676 1097 1757 proventus.
1154 1653 1213 1728 De
1235 1651 1384 1727 familiia
1399 1651 1571 1730 Romanis
1595 1640 1757 1732 condidit
1778 1654 1926 1747 librnrn,
1959 1659 2008 1728 ex'

425 1814 498 1887 quo
536 1787 668 1862 Plinius
696 1783 758 1882 ⁶⁷)
789 1780 964 1884 quaedam
1003 1778 1209 1881 depromsit
1276 1774 1376 1851 Num
1407 1777 1689 1873 Commentarios
1719 1780 1927 1873 historicos,
1963 1781 2004 1853 in

425 1914 553 2012 quihus
579 1910 626 1986 d‘e
638 1908 778 1984 ultimis
787 1906 893 1984 Bruti
901 1925 944 1981 et
958 1904 1070 1982 Cassii
1082 1902 1160 1979 latis
1179 1928 1262 1978 eurn
1275 1929 1434 1981 narrasse
1453 1931 1498 1981 ex
1512 1906 1721 1982 testimoniis
1735 1905 1913 1982 Plutarchi
1936 1905 2003 2000 66)

425 2059 460 2111 et
483 2034 599 2110 Taciti
624 2033 685 2129 ⁶⁹)
709 2052 822 2132 patet,
859 2029 907 2106 ad
928 2051 1088 2133 tempora
1109 2029 1263 2131 Augusti
1285 2028 1490 2127 deduxerit,
1514 2033 1690 2107 insenum
1714 2053 1784 2126 eat,
1811 2045 1922 2128 quurn
1942 2029 2003 2105 ni·

424 2162 477 2234 hil
502 2158 547 2234 de
571 2157 639 2233 hae
663 2182 702 2233 re
726 2176 859 2232 veteres
881 2156 1071 2257 scriptores
1095 2154 1324 2233 usdidemnr.
1352 2196 1404 2215 -
1460 2155 1525 2251 Ad
1548 2183 1658 2259 quem
1682 2155 1841 2256 ejusdem
1872 2158 2003 2232 librum

426 2284 609 2371 referenda
631 2288 725 2376 sint,
773 2307 864 2391 qrrae
887 2281 1021 2358 Noster
1046 2280 1208 2376 tradidit,
1252 2282 1292 2359 in
1314 2282 1435 2361 medio
1461 2306 1515 2360 est
1533 2281 1814 2386 relinquendum.
1863 2280 2007 2375 Messa:-
2099 2258 2103 2265 ¹

425 2417 496 2487 lam
521 2417 617 2488 enirn
631 2408 826 2487 tradidisse
848 2408 954 2483 refert
978 2407 1065 2503 ⁷0),
1087 2408 1273 2504 libertum,
1303 2432 1451 2512 exoepto
1476 2411 1603 2504 Mena,
1634 2436 1816 2511 nunqnam
1839 2434 1914 2484 esse
1934 2401 2004 2483 ad-

425 2540 578 2614 hihiturn
602 2539 647 2614 ab
667 2537 836 2637 Augusto
860 2559 1013 2626 eoenae3
1046 2559 1121 2634 qno
1142 2554 1258 2634 patet,
1281 2535 1320 2611 in
1344 2537 1408 2611 illo
1423 2535 1545 2632 libro,
1570 2543 1671 2635 eujus
1690 2536 1832 2610 titulum
1857 2533 2005 2634 etquid

425 2666 464 2741 in
488 2692 534 2740 eo
560 2659 891 2767 comprehenderit,
930 2659 1123 2739 Suetonius
1151 2686 1226 2736 non
1251 2658 1440 2757 indicarit,
1466 2661 1691 2736 ›somniarem
1712 2661 1860 2761 Augusti
1896 2661 2005 2736 vitam

426 2791 588 2891 attigisse.
608 2820 664 2849 ν-
712 2787 876 2862 Fortasse
901 2785 1092 2860 Suetonius
1117 2810 1161 2860 ex
1185 2786 1357 2860 Messalae
1379 2785 1537 2884 quodam
1567 2788 1659 2860 libro
1687 2786 1866 2875 desumit,
1911 2811 2003 2883 quae

427 2942 460 2991 e.
487 2914 549 2989 58.
563 2930 702 2986 narrat.
761 2910 958 2982 Salutatunt
983 2930 1076 2999 esse,
1103 2909 1170 3002 ait,
1206 2904 1410 3006 Augustum
1450 2934 1471 2981 a
1509 2907 1659 2983 Messala
1684 2913 1823 3007 'patrem
1861 2908 2002 3004 patriae.

428 3040 560 3130 Verba,
585 3035 713 3132 quihus
734 3033 794 3108 ille
819 3031 1022 3132 Augustum
1045 3029 1263 3130 adloquutus
1288 3050 1341 3104 est
1367 3052 1403 3106 et
1427 3057 1518 3132 quae
1543 3031 1725 3131 Angustus
1752 3031 1785 3107 ei
1808 3031 2003 3131 respondit,

428 3166 504 3261 ipsa
529 3162 644 3238 refert.
1477 3163 1479 3168 ’
1942 3184 1945 3188 ·

530 3287 593 3362 Ad
607 3285 771 3363 dulium
790 3281 1055 3379 Marathum,
1097 3281 1160 3378 qni
1181 3309 1203 3356 a
1226 3280 1400 3357 Suetonio
1430 3280 1576 3358 libertus
1608 3283 1758 3384 Augusti
1788 3285 2001 3389 namnam,

283 3405 287 3417 ’
427 3417 483 3490 bis
507 3431 677 3513 provoost
696 3411 776 3506 ⁷¹).
834 3407 985 3508 Scripsit
1010 3406 1056 3482 de
1079 3406 1235 3508 Augusti
1265 3408 1371 3482 rebus
1405 3408 1542 3508 aliquos
1576 3412 1870 3507 oommentarios,
1912 3439 2004 3510 quos

429 3538 620 3614 Suetonius
642 3537 878 3611 memoriam
895 3533 1077 3633 appellare
1099 3531 1250 3608 ridetur.
1301 3530 1401 3622 Quid
1424 3532 1609 3611 Marathus
1634 3536 1673 3610 in
1696 3537 1759 3613 illo
1782 3538 1875 3613 libro
1898 3566 2004 3615 eona-

429 3660 674 3766 prehenderit‚
700 3688 786 3737 num
812 3659 982 3761 privatam
994 3658 1138 3733 lantum
1162 3658 1269 3737 vitam
1292 3658 1465 3762 Augusti,
1506 3689 1551 3737 an
1584 3660 1742 3760 ejusdem
1773 3689 1918 3765 quoqne
1936 3688 2004 3740 ‘res

470 4049 526 4136 60)
546 4048 642 4114 Suet.
663 4047 751 4128 Aug.
781 4064 812 4111 e.
834 4047 885 4111 21.
914 4074 957 4099 ι·
995 4044 1051 4126 66)
1071 4042 1161 4112 Ibid.
1186 4066 1217 4111 ο.
1236 4048 1290 4116 27.
1309 4078 1352 4098 -
1391 4048 1447 4128 62)
1466 4045 1557 4116 ibid.
1577 4066 1608 4114 ο.
1629 4048 1682 4118 tt.
1704 4080 1745 4101 -
1784 4048 1842 4131 63)
1860 4050 1949 4122 ibid.
1971 4072 2004 4119 e.

486 4210 489 4223 ‚
555 4155 607 4220 63.
637 4183 675 4202 -
716 4149 1011 4230 uolitantis.
1042 4182 1082 4202 -
1122 4151 1177 4230 65)
1198 4153 1283 4220 Ibid.
1311 4174 1342 4222 e.
1363 4155 1415 4220 52.
1446 4187 1486 4207 -
1534 4152 1590 4242 66)
1610 4154 1700 4222 ibid.
1732 4176 1762 4220 e.
1784 4154 1836 4223 66.
1866 4187 1906 4205 -
1946 4157 2002 4236 67)

551 4256 642 4322 Ptin.
664 4255 758 4322 Hist.
789 4255 871 4319 Nat.
891 4253 1044 4320 XXXV.
1072 4275 1102 4321 o.
1123 4257 1155 4323 2.
1186 4287 1228 4306 -
1290 4258 1347 4337 68)
1368 4259 1541 4326 Plutarch.
1560 4258 1660 4324 Brut.
1689 4282 1720 4326 e.
1740 4261 1790 4330 60.
1811 4263 1862 4329 02.
1883 4264 1935 4330 65.
1957 4294 2003 4314 -

553 4362 607 4440 60)
629 4361 744 4430 Tacit.
765 4361 886 4425 anast
907 4359 969 4430 tv,
990 4361 1045 4431 36.
1062 4394 1105 4411 -
1145 4363 1200 4442 70)
1220 4363 1317 4431 Suet.
1338 4362 1433 4446 Aug.
1455 4383 1485 4429 e.
1506 4365 1558 4433 7t.
1586 4396 1628 4413 -·
1666 4365 1723 4454 76)
1743 4367 1840 4434 siet.
1860 4371 1949 4458 Aug.
1970 4389 2001 4436 e.

552 4468 605 4551 79.
626 4465 678 4532 9l.
726 4468 766 4528 ln
786 4467 897 4548 primo
918 4465 996 4531 loeo
1017 4468 1077 4531 eit.
1104 4466 1256 4553 legitnrs
1295 4486 1398 4551 quant
1430 4468 1643 4550 (staturam)
1668 4500 1710 4522 -
1736 4473 1775 4536 in
1803 4476 2005 4540 memoriani

557 4573 629 4651 ejus
650 4570 801 4654 quinque
821 4569 946 4656 pedum
965 4580 1001 4637 et
1020 4570 1201 4637 dodrantis
1223 4569 1342 4637 tradit.
1382 4568 1501 4637 Placet
1521 4575 1718 4655 conjectura
1730 4575 1944 4645 Gauubonir
1966 4579 2004 4643 in

555 4675 725 4738 mentoris
745 4677 829 4756 ejus,
854 4680 982 4747 nteit:
1011 4682 1049 4743 in
1070 4679 1161 4744 libro
1181 4676 1225 4742 de
1246 4678 1319 4761 eina
1340 4675 1415 4742 vita
1434 4676 1578 4761 scripte·
1895 4672 1898 4679 ’
