4508 5736
935 582 1358 683 *ta-s

828 870 1271 977 ‘utun-ntus,

345 1106 352 1117 “
396 1090 643 1185 Quos-fontes
669 1089 705 1164 in
728 1089 865 1166 Tiberii
889 1091 958 1168 vita
985 1088 1406 1186 conscribendaadieait,
1446 1117 1518 1165 non
1547 1078 1646 1191 ptine
1672 1093 1871 1194 nos-igno·

214 1276 218 1283 .
294 1236 370 1293 rare
394 1217 504 1291 voluit
518 1214 718 1289 Suetonius.
771 1216 849 1293 Nee
875 1232 989 1291 tannen
1016 1221 1134 1292 onrnia
1160 1217 1286 1292 tradita
1311 1216 1467 1291 sontibus
1493 1238 1640 1316 possunt
1667 1216 1779 1310 reddi,
1803 1221 1868 1293 nisi

293 1343 390 1418 vanis
416 1342 625 1438 conjecturis
650 1343 770 1413 locutu
804 1341 887 1416 da're
920 1345 1092 1416 roltunus.

396 1467 577 1555 Quantum
612 1466 787 1576 ponderis,
813 1468 910 1564 apud
943 1471 1153 1542 Suetonium
1186 1470 1376 1569 epistolae
1405 1490 1440 1546 et
1472 1470 1559 1545 alia
1592 1476 1741 1570 scripta
1775 1476 1864 1548 Aa·

290 1598 401 1696 gusti
429 1592 619 1683 haberent,
653 1614 697 1664 ex
729 1589 795 1686 iis,
847 1620 937 1695 quae
964 1592 1123 1686 tradidit,
1159 1614 1263 1692 patet.
1341 1594 1454 1667 Multa
1486 1622 1576 1695 qnae
1602 1597 1647 1672 ad
1672 1601 1869 1674 accuratio-

274 1744 367 1794 ·rem
400 1716 569 1818 principis
609 1715 840 1818 ejusdemque
871 1719 1019 1792 lantiliae
1055 1719 1293 1819 cognitionem
1324 1719 1564 1814 pertinebant,
1621 1724 1659 1797 in
1690 1724 1733 1798 iis
1770 1740 1869 1799 cerlo

206 1898 208 1903 ·
291 1844 433 1920 invenit.
484 1843 601 1929 Semel
628 1842 774 1943 quidem
799 1841 845 1917 ad
871 1870 927 1918 eas
954 1867 1121 1944 provocat
1139 1845 1246 1936 ¹0²),
1280 1841 1346 1917 sed
1372 1871 1438 1944 pro
1462 1867 1559 1921 certo
1585 1848 1750 1922 affirmari
1766 1875 1869 1949 posse

292 1970 420 2065 credo,
458 1971 672 2045 Suetonium·
693 1970 803 2044 multa
828 1995 872 2045 ex
896 1971 1034 2067 scriptis
1056 1969 1211 2069 Augusti
1227 1967 1401 2063 hausisse,
1427 1994 1517 2070 quae
1543 1970 1589 2046 ad
1615 1971 1752 2047 Tiberii
1775 1973 1869 2047 ado·

292 2097 494 2173 lescentiam
519 2117 627 2196 atque
650 2116 798 2170 aetatem
823 2094 958 2169 virilern
985 2122 1056 2169 non
1084 2094 1183 2196 parvi
1207 2115 1306 2168 erant
1329 2095 1510 2169 momenti.

392 2220 470 2297 Nec
493 2221 610 2295 minus
635 2219 844 2294 consultavit
873 2219 1022 2293 Tiberii
1051 2224 1172 2321 ipsius
1208 2219 1346 2318 scripta.
1412 2220 1754 2296 commentarium
1797 2222 1863 2294 Τι’-

292 2350 392 2424 berit‘
416 2351 469 2423 de
492 2374 567 2423 sua
592 2351 684 2423 ot'ta
708 2332 923 2446 quamquam
948 2346 1147 2419 summatim
1171 2344 1394 2445 breviterque
1415 2347 1652 2445 compositum
1675 2347 1722 2422 ad
1744 2374 1867 2420 manns

290 2474 415 2550 habuit
442 2473 550 2567 ¹⁰³),
584 2498 628 2548 ex
653 2497 726 2573 quo
751 2470 857 2547 verba
879 2470 953 2573 ipsa
981 2474 1103 2564 relert,
1127 2490 1168 2543 ut
1192 2469 1345 2546 dubitari
1369 2489 1540 2572 nequeat,
1573 2473 1659 2573 quin
1685 2474 1795 2549 multa
1826 2499 1869 2545 ex

234 2596 245 2603 ’
292 2600 421 2676 eodem
447 2597 691 2699 depromserit.
767 2597 873 2671 Illum
898 2616 983 2670 tunc
1021 2596 1190 2696 temporis
1214 2596 1382 2673 exstitisse
1408 2595 1536 2671 exinde
1568 2619 1728 2696 apparet,
1767 2596 1867 2698 quod

292 2724 536 2800 Domitianum
560 2723 649 2799 nihil
674 2745 810 2823 praeter
832 2723 933 2796 illum
957 2719 1248 2795 commentarium
1281 2740 1316 2795 et
1339 2741 1414 2795 acta
1437 2720 1574 2795 Tiberii
1598 2721 1767 2795 lectitasse
1793 2743 1867 2821 tra-

291 2852 344 2925 dit
368 2849 568 2925 Suetonius.
619 2847 694 2945 Sed
717 2846 806 2919 rado
829 2844 1041 2939 modusque,
1066 2870 1139 2939 quo
1164 2846 1257 2918 itlius
1281 2845 1523 2919 commentarii
1542 2845 1757 2922 mentionem
1773 2846 1866 2938 fecit,

291 2975 500 3050 Suetonium
523 2993 655 3046 temere
677 2967 785 3041 fidem
809 2965 861 3039 illi
885 2963 1089 3057 adhibuisse
1114 2989 1187 3037 non
1212 2963 1345 3037 suadet.
1369 3002 1423 3019 —
1479 2967 1745 3045 Commemorat
1770 2997 1865 3067 quo.

291 3127 361 3198 que
392 3098 539 3172 atbair·
560 3119 777 3170 sermonem
808 3091 894 3181 ¹0⁴)
920 3115 1028 3190 quem
1063 3109 1195 3163 exstare
1220 3086 1326 3180 dicit,
1373 3086 1436 3162 sed
1459 3091 1566 3166 alans
1590 3118 1734 3193 quoqne
1757 3105 1863 3198 ejus.

291 3228 384 3300 dem
409 3226 609 3298 orationes
634 3216 841 3318 inspexisse,
890 3212 1071 3315 probabile
1109 3210 1262 3289 reddunt
1286 3213 1409 3307 acrba,
1460 3241 1549 3315 quae
1580 3243 1621 3289 ert
1658 3219 1699 3290 iis
1736 3247 1865 3318 proto.

290 3352 330 3424 lit
358 3350 455 3441 ¹0⁵).

392 3472 453 3549 Ad
465 3472 602 3571 festos
626 3487 803 3570 nataque
820 3466 984 3568 publico
1005 3464 1195 3540 Suetonius
1219 3486 1389 3560 provocat
1409 3466 1509 3559 ¹⁰⁶),
1531 3471 1684 3545 relerens
1703 3471 1748 3548 de
1768 3502 1862 3551 anno

291 3622 327 3705 et
350 3601 449 3693 loco,
482 3624 553 3694 qno
580 3594 745 3669 Tiberius
771 3613 870 3667 natus
895 3592 948 3667 sit.
1007 3590 1242 3666 Continebant
1257 3611 1346 3664 ,aeta
1379 3592 1519 3691 publica
1551 3620 1607 3667 res
1641 3597 1862 3699 rationesque

293 3710 436 3826 Ιίρριιίἰ,
476 3721 604 3817 judicia
629 3720 789 3815 publica,
828 3717 1017 3818 supplicia,
1067 3718 1227 3808 comitia,
1264 3710 1446 3808 aedificia,
1473 3716 1686 3814 nativitates,
1712 3722 1860 3799 illustres

290 3871 422 3925 mortes
448 3848 582 3944 aliaque
612 3844 708 3943 ιο7).
755 3844 802 3921 Et
826 3872 937 3945 quum
962 3841 1153 3931 adulationi
1179 3844 1293 3918 nullus
1318 3844 1418 3917 locus
1443 3842 1480 3916 in
1512 3842 1555 3916 iis
1587 3865 1694 3937 esset,
1731 3847 1861 3945 pluries

292 4000 334 4052 ea
358 3989 453 4049 certe
477 3970 694 4047 consultavit.

391 4100 585 4174 Senecam
609 4094 717 4169 semel
739 4092 919 4191 laudatum
944 4090 1119 4186 invenies,
1147 4091 1211 4166 ubi
1234 4089 1281 4167 de
1305 4112 1420 4166 morte
1444 4066 1579 4166 Tiberii
1605 4090 1775 4193 quiddam
1799 4123 1859 4172 re·

290 4225 360 4300 lert
389 4224 487 4316 ¹0⁸).
549 4224 699 4326 Exque
723 4220 814 4296 libro
839 4219 928 4295 baec
951 4218 1019 4292 sint
1047 4215 1247 4318 desumpta,
1285 4202 1482 4292 in'incerto
1506 4240 1576 4313 est,
1620 4245 1729 4316 quum
1763 4223 1856 4300 Sue-

291 4458 562 4483 *aaa

331 4622 407 4703 am)
427 4621 521 4688 sast.
543 4624 624 4689 rn.
646 4645 676 4698 ο.
695 4628 749 4692 at.
768 4604 831 4679 -u
850 4626 929 4706 sos>
948 4624 1039 4693 nu.
1060 4644 1091 4690 ο.
1112 4623 1164 4688 st.
1181 4650 1222 4669 -
1262 4621 1337 4701 tot)
1358 4619 1445 4687 tata.
1464 4640 1495 4690 ο.
1515 4624 1566 4688 as.
1586 4657 1629 4677 -
1665 4624 1750 4699 4ιοσ)
1769 4625 1854 4691 rsit.

411 4746 443 4797 a.
461 4731 515 4795 29.
536 4728 587 4794 65.
606 4724 659 4798 ol.
694 4765 736 4780 ·-
798 4730 872 4809 106)
892 4726 979 4796 lbld.
1010 4750 1041 4795 c.
1063 4730 1095 4798 5.
1134 4759 1177 4776 -
1233 4726 1307 4805 tot)
1336 4729 1379 4796 cl.
1400 4726 1433 4798 J.
1455 4726 1570 4815 Lipsii
1596 4748 1731 4797 excors.
1752 4735 1793 4795 Δ.
1813 4726 1856 4792 ad

413 4834 497 4901 Tac.
516 4834 639 4900 bonel.
661 4834 720 4899 lib.
740 4835 787 4900 V.
820 4864 862 4883 —
916 4832 991 4911 toll)
1009 4832 1105 4903 Saso
1126 4830 1209 4900 tto.
1229 4851 1259 4896 c.
1279 4832 1330 4902 ts.
1478 4848 1484 4867 ¹

1409 4942 1432 5010 3
1449 4942 1470 4981 ἱ*
