4508 5736
190 664 200 698 Ι

847 489 1270 619 ...28η

329 722 611 823 Morgousternio
636 719 681 794 V.
709 720 760 796 cl.
786 720 842 813 *)‚
880 724 942 817 qui
966 724 1202 799 Suetonium
1226 736 1309 810 aut,
1328 725 1388 794 rei
1411 726 1671 795 atrocitatem
1703 730 1906 799 narrandi

326 852 472 949 genere
495 853 673 941 auxisse,
696 849 754 942 ait,
779 867 855 921 aut
880 876 1010 925 vanos
1034 874 1208 923 rumores
1230 872 1305 945 pro
1330 848 1446 922 certis
1469 848 1767 949 exploratisque
1792 852 1907 925 rebus

329 954 568 1065 arripuisse,
599 978 698 1075 quia
723 962 793 1049 uel
815 979 932 1050 nimis
958 976 1142 1049 credulus
1167 990 1283 1067 esset,
1317 972 1387 1044 uel
1404 973 1600 1069 fortasse,
1626 1001 1706 1073 quo
1730 982 1907 1075 apertius

335 1104 556 1173 Caesarum
584 1101 914 1197 pravissimorum
943 1102 1117 1201 flagitia
1151 1099 1402 1187 defrudaret,
1445 1126 1492 1171 eo
1530 1106 1675 1177 certius
1703 1108 1909 1177 mitiorum

329 1228 568 1357 pripcipum,
594 1222 828 1323 quibuscum
853 1230 993 1299 vivere
1018 1230 1093 1325 ipsi
1118 1225 1296 1323 contigit,
1354 1222 1526 1321 Traiani
1549 1244 1676 1325 atque
1698 1230 1908 1302 Hadriani

273 1372 277 1379 ·
328 1352 502 1449 gloriam
526 1376 568 1423 se
593 1352 887 1424 illustratorum
911 1369 1096 1450 speraret.
1160 1348 1269 1446 Cujus
1304 1348 1443 1421 consilii
1475 1369 1521 1425 ne
1553 1352 1737 1451 vestigium
1763 1354 1908 1453 quidem

329 1478 365 1549 in
392 1477 553 1551 Suetonii
580 1502 688 1575 opere
712 1474 966 1575 deprehendes.
1018 1474 1129 1565 Quod
1148 1474 1177 1547 si
1203 1474 1388 1567 voluisset,
1415 1502 1479 1547 cur
1505 1502 1596 1575 quae
1621 1480 1714 1551 bona
1739 1480 1809 1551 illis
1843 1480 1907 1553 im-

328 1605 548 1705 peratoribus
574 1624 671 1677 eraut
695 1603 767 1676 sive
787 1622 911 1677 natura
936 1601 1037 1677 insito
1062 1602 1133 1676 sive
1159 1600 1226 1707 alio
1252 1599 1364 1673 modo
1391 1624 1590 1701 comparata
1617 1630 1690 1676 non
1715 1605 1817 1703 plane
1845 1634 1906 1677 re-

329 1724 448 1815 timis,
479 1752 538 1802 aut
562 1734 590 1803 si
617 1728 654 1800 id
681 1753 753 1803 nou
780 1748 934 1827 poterat,
974 1755 1038 1801 cur
1063 1754 1187 1802 eorum
1211 1724 1355 1799 virtutes
1381 1752 1455 1798 non
1481 1728 1602 1801 saltem
1628 1727 1818 1821 depressis,
1843 1731 1907 1803 sed

331 1881 400 1929 mm
428 1858 535 1927 libere
561 1876 664 1949 atque
688 1853 840 1950 ingenue
867 1854 979 1951 palam
1005 1852 1115 1937 feeit?
1166 1852 1256 1941 Cur,
1284 1876 1436 1945 quaeso,
1469 1856 1721 1955 rotundisque
1746 1856 1907 1928 laudibus

218 2042 227 2053 .
331 1982 514 2054 celebravit
540 1980 682 2051 virtutes
708 1976 802 2070 Tisi,
831 2004 875 2049 ne
900 1976 1016 2051 dicam
1041 1974 1086 2051 de
1111 1976 1204 2069 aliis,
1245 1976 1307 2074 qui
1333 1996 1448 2049 tamen
1474 2004 1494 2049 a
1520 1980 1737 2073 temporibus
1763 1980 1908 2075 'frajani

330 2105 570 2203 Hadrianique
595 2128 667 2206 ηομ
690 2103 840 2175 multum
866 2104 993 2177 aheim
1057 2102 1131 2179 Sed
1157 2103 1276 2177 omnia
1301 2102 1375 2175 sine
1406 2102 1460 2174 ira
1484 2124 1520 2175 et
1544 2103 1662 2178 studio
1695 2105 1788 2179 dicta
1814 2128 1906 2178 sunt.

284 2288 290 2303 .
330 2228 435 2303 ,Nulla
461 2228 614 2326 suspicio
640 2228 769 2324 gratiae
793 2249 852 2299 aut
879 2228 1067 2304 simultatis.
1120 2222 1221 2319 Quae
1246 2228 1364 2301 omnia
1391 2226 1490 2301 facile
1509 2227 1669 2321 suadem,
1694 2232 1905 2305 Suetonium

333 2358 457 2452 prorui
484 2355 647 2427 habuisse
671 2352 876 2445 consilium,
923 2354 1137 2430 denudando
1170 2352 1404 2453 augendoque
1436 2352 1585 2427 aliorum
1612 2360 1810 2457 principum
1837 2364 1900 2431 fla·

265 2554 272 2565 ,
324 2481 430 2598 1ςίῑίιι,
469 2479 618 2575 gloriam
642 2476 785 2575 Traiani
810 2499 846 2553 et
870 2478 1039 2554 Hadriani
1074 2478 1276 2555 illustrandi.

337 2697 604 2747 Ὗ...-

374 2779 486 2919 iiiia
507 2838 576 2895 nuo
594 2788 1972 2925 undam.vmejeenmnu*wmqsmwmtrmptnkur.-u
1993 2848 2107 2864 ··--··

453 2932 705 3019 iiior-gemtem.
732 2932 765 2997 4.
808 2932 941 2997 Geduni
964 2932 1053 2999 1798.
1090 2952 1124 3017 p
1142 2930 1195 2998 34.
