4508 5736
993 473 1274 549 ...6.-

359 626 364 637 ⁵
451 655 550 730 Haec
575 653 725 730 sufficiat
750 649 796 727 de
823 651 958 727 ratione
984 673 1019 727 et
1042 653 1117 757 via,
1158 682 1264 756 quam
1289 652 1327 728 in
1352 652 1512 733 lontibus
1535 652 1696 731 Suetonii
1723 659 1927 762 indagandis

350 809 430 858 sum
460 775 670 891 ingressus
704 777 812 857 Nunc
850 777 896 856 ad
931 777 1254 931 disquisitionem
1244 807 1356 882 ipsam
1391 781 1496 857 nobis
1527 785 1748 943 propositam
1777 814 1974 892 progre-

351 907 500 984 diamur.

992 1183 1285 1252 catasta.

329 1466 335 1476 .
450 1372 587 1444 Scricm
611 1367 883 1468 imperatorum,
918 1397 1073 1471 quorum
1097 1372 1185 1449 vitae
1212 1399 1231 1445 a
1256 1370 1429 1447 Suetonio
1455 1373 1795 1472 nomeriptae1n0his
1813 1376 1932 1454 adhuc
1999 1419 2011 1428 ·

351 1509 560 1593 supersunt,
589 1493 716 1591 incipit
738 1496 808 1568 lul.
836 1497 973 1570 Caesar.
1025 1498 1250 1599 Quamquam
1271 1499 1380 1572 multa
1405 1500 1444 1572 in
1471 1503 1544 1597 ejus
1568 1499 1638 1574 vita
1664 1499 1751 1595 sint,
1774 1529 1863 1602 quae
1887 1530 1931 1577 ex
2037 1558 2059 1599 ³.

247 1684 250 1689 .
328 1621 507 1696 Caesaris
538 1621 651 1721 ipsius
682 1611 922 1722 aliorumque
938 1622 1077 1718 scriptis
1109 1626 1183 1722 peti
1216 1626 1371 1725 possint,
1439 1645 1555 1699 tamen
1593 1624 1703 1698 multa
1734 1653 1878 1728 quoqne
1910 1659 1931 1702 a
1978 1621 1981 1626 ⁵

245 1726 250 1731 ⁴
348 1748 519 1820 Suetonio
545 1748 688 1821 eflusius
713 1750 977 1850 accuratiusque
1003 1773 1139 1849 nauata
1163 1772 1267 1847 sunt,
1301 1749 1349 1826 ita
1372 1770 1413 1825 ut
1434 1746 1480 1825 ad
1505 1747 1743 1850 supplendum
1771 1774 1806 1826 et
1830 1753 1930 1828 affir-

347 1870 518 1946 usandum
542 1874 692 1949 aliorum
719 1875 934 1974 scriptorum
959 1875 1088 1951 tradita
1117 1876 1289 1953 inserviat.

450 2009 528 2099 Nos
553 2045 671 2099 antem
695 2051 859 2128 magnam
884 2048 1018 2129 partem
1044 2024 1197 2111 sontium
1222 2053 1369 2103 suorum
1394 2027 1558 2128 ignorare
1584 2026 1715 2120 noluit,
1742 2025 1786 2101 ad
1811 2028 1929 2126 pluras

348 2153 442 2225 anim
469 2152 677 2227 nominatim
698 2175 887 2253 provocat,
936 2154 1027 2228 inter
1053 2179 1145 2255 quos
1170 2155 1353 2230 Caesaris
1378 2157 1498 2256 ipsius
1524 2151 1662 2252 scriptia
1684 2153 1835 2227 multum
1862 2156 1931 2228 tri-

345 2277 463 2350 buisse
489 2276 628 2367 videtur
658 2280 732 2374 ¹¹).
784 2280 1011 2380 Quamquam
1037 2280 1151 2357 Asinii
1176 2279 1346 2355 Pollionis
1372 2277 1542 2376 judicium
1570 2276 1615 2352 de
1641 2277 1797 2352 Caesaris
1823 2305 1929 2379 com·
1965 2290 1969 2297 ‘

331 2387 522 2479 'menteriis
548 2430 623 2480 non
648 2405 763 2500 sileat,
789 2426 905 2480 tamen
931 2431 974 2480 ex
999 2405 1132 2482 ratione
1143 2405 1355 2508 modoque,
1381 2431 1455 2507 quo
1479 2405 1687 2481 Ciceronem
1704 2406 1929 2503 Hirtiiamque

239 2517 269 2599 ss
347 2526 393 2600 de
418 2527 473 2602 his
500 2530 760 2607 commentariis
786 2494 981 2630 judicantes
1000 2530 1153 2629 inducit,
1193 2558 1234 2607 ea
1267 2533 1418 2605 inultum
1449 2530 1618 2633 ponderis
1643 2531 1807 2608 habuisse
1833 2535 1928 2634 apud

233 2663 236 2673 '
346 2654 517 2730 Nostrum
545 2658 630 2732 satis
654 2679 808 2762 apparet.
860 2657 955 2734 Nam
979 2658 1122 2732 illorum
1146 2656 1319 2757 judicium
1344 2684 1418 2733 non
1435 2659 1547 2734 modo
1572 2659 1618 2736 ad
1638 2662 1804 2737 orationis
1820 2688 1929 2763 prae·-

346 2782 528 2873 stantiam,
565 2786 628 2857 sed
657 2810 802 2886 quoque
828 2783 874 2860 ad
906 2785 1017 2859 fidem
1049 2783 1255 2859 historicam
1286 2804 1444 2880 spectare
1476 2784 1635 2879 videtur,
1673 2787 1773 2886 quod
1810 2809 1928 2861 tamen

345 2927 449 3005 negat
482 2903 696 2977 Thorbccke
716 2909 760 2977 V.
776 2909 823 2976 D.
839 2910 876 2977 in
898 2910 1194 2981 commentatione
1209 2906 1254 2983 de
1266 2905 1394 2980 Asinio
1408 2907 1571 2981 Pollione
1587 2937 1620 3003 p.
1636 2900 1720 2979 110.
1736 2946 1790 2982 r-
1830 2912 1929 2983 lnter

346 3033 431 3103 alios
477 3028 587 3113 libros
635 3053 655 3100 a
687 3029 861 3115 Caesare
897 3028 1118 3127 conscriptos
1149 3042 1404 3099 commemorat
1441 3050 1586 3126 quoque
1626 3034 1829 3105 orationes
1853 3033 1927 3128 ¹2),

345 3159 500 3257 itemque
527 3160 601 3253 ejus
631 3155 818 3254 epistolas
840 3155 901 3241 ad
924 3154 1141 3247 Senatum,
1166 3151 1227 3224 ad
1244 3149 1493 3244 Ciceronem,
1518 3155 1579 3226 ad
1600 3156 1836 3233 Familiares
1856 3159 1927 3256 Ι3),

313 3359 315 3362 ,
346 3309 431 3377 quas
458 3303 543 3356 tunc
568 3280 740 3379 temporis
767 3280 919 3356 extitisse
943 3299 1069 3355 narrat.
1121 3277 1238 3380 Quas,
1262 3299 1387 3377 quum
1412 3273 1615 3352 domesticis
1641 3277 1816 3356 derebus
1841 3312 1936 3385 age·

283 3463 292 3480 .
345 3429 424 3482 rent
449 3427 497 3480 et
509 3405 666 3500 occulta,
701 3426 742 3480 ut
763 3405 839 3509 ipse
864 3405 1021 3505 addidit,
1053 3401 1292 3498 continerent,
1325 3402 1443 3505 magni
1465 3388 1571 3506 pretii
1596 3402 1691 3507 apud
1717 3432 1799 3483 eum
1820 3410 1927 3487 fuisse

345 3558 451 3608 nemo
478 3559 552 3608 non
575 3530 683 3608 ridet

446 3658 501 3732 Ex
526 3657 775 3760 scriptoribus,
801 3663 865 3761 qui
889 3679 949 3736 ant
968 3650 1198 3734 familiaritate
1222 3684 1306 3733 cum
1327 3656 1476 3733 Caesare
1503 3677 1601 3757 erant
1629 3661 1829 3757 conjuncti,
1866 3684 1926 3739 aut

347 3785 392 3858 ab
418 3782 580 3879 ejusdem
602 3785 760 3880 partibus
785 3786 939 3881 stabant,
976 3786 1173 3885 Oppium,
1204 3784 1405 3877 Hirtium,
1443 3783 1560 3861 Com.
1593 3784 1782 3881 Balbum,
1825 3791 1922 3864 Asi-

346 3918 461 3986 nium
492 3910 717 4022 Pollionem
756 3914 926 3989 nominat.

449 4065 494 4139 C.
519 4064 692 4163 Oppius,
725 4062 882 4140 Caesaris
908 4063 1060 4159 amium,
1085 4081 1222 4166 praeter
1251 4059 1383 4157 multos
1408 4030 1494 4136 alios
1519 4046 1647 4160 libros,
1673 4091 1764 4169 quoa
1790 4064 1921 4140 condi-·

345 4135 438 4262 disse
463 4192 574 4262 lemur
606 4186 683 4286 ¹⁴),
732 4187 865 4265 librum
889 4215 1036 4293 quoqne
1065 4186 1277 4290 conscripsit
1308 4183 1354 4308 de
1387 4183 1456 4264 vita
1480 4187 1660 4290 Pompeji,
1696 4217 1803 4289 quam
1833 4193 1923 4269 Plu·

344 4313 485 4388 tarchus
510 4312 547 4387 in
571 4311 641 4388 rita
665 4311 828 4416 Pompeii
851 4314 1032 4417 adhibuit,
1069 4341 1218 4393 monens
1242 4335 1382 4415 umen„
1415 4313 1543 4393 dubiae
1574 4341 1650 4393 esse
1673 4316 1774 4412 fidei,
1809 4332 1921 4421 quum

384 4625 439 4710 11)
466 4627 506 4691 ln
526 4629 600 4694 rita
631 4630 791 4706 Casae.
811 4632 863 4701 55.
903 4667 945 4684 ·-
997 4629 1051 4720 12)
1077 4631 1165 4699 ibid.
1194 4653 1225 4700 e.
1246 4633 1298 4702 55
1339 4663 1380 4683 -
1439 4631 1494 4712 13)
1522 4629 1609 4699 lbid
1641 4652 1672 4700 e.
1690 4630 1731 4699 26
1753 4644 1788 4700 et
1807 4633 1859 4700 55.
1878 4663 1920 4683 ·-

467 4731 521 4809 1[1)
551 4735 596 4800 cl.
620 4735 1184 4808 vnra.dehirtnr.tat.1.c.tt.
