4508 5736
1198 270 1506 349 ..10-

677 454 734 530 De
759 475 938 553 tempore,
970 479 1044 553 quo
1069 447 1252 552 Augustus
1277 453 1495 527 consulatum
1522 450 1695 528 inradisse
1716 447 1888 547 traditur,
1928 452 2064 535 diverse
2085 485 2152 537 re·

570 582 697 654 ferunt.
772 579 897 674 Vellei.
922 577 969 652 ll.
993 581 1054 651 61.
1088 575 1128 651 id
1158 577 1282 651 secisse
1311 577 1515 677 Augustum
1550 580 1607 653 19.
1640 602 1771 652 anuum
1806 577 2004 677 ingressum
2029 584 2150 663 tradit.

570 705 680 792 Quod
714 726 830 779 autem
868 729 960 776 anno
993 703 1161 776 vicesimo
1201 704 1331 777 factum
1365 705 1471 777 refert
1509 707 1653 778 Sueton.
1692 702 1787 803 Aug.
1819 729 1851 777 c.
1875 707 1957 801 26,
1990 735 2151 806 quocum

572 832 746 905 consentit
767 831 949 928 Augustus
972 827 1009 901 in
1035 827 1272 902 Monumeuto
1297 827 1499 932 Ancyrano.

580 976 583 981 ’
670 975 861 1075 veltej.11.
887 979 948 1051 66.
974 977 1086 1074 rejicit
1113 999 1256 1051 omnem
1281 979 1420 1077 culpam
1465 1006 1585 1057 saevae
1622 979 1892 1081 proscriptionis
1924 980 1962 1054 in
1993 981 2150 1083 Augusti

572 1108 731 1205 collegas.
788 1103 899 1179 Aliter
923 1124 1039 1175 namot
1064 1103 1253 1176 Suetonius
1279 1102 1373 1202 Aug.
1400 1132 1431 1178 o.
1458 1104 1519 1179 27.
1552 1103 1783 1206 quiquidem
1813 1108 2012 1208 Augustum
2041 1111 2147 1184 resti*

455 1266 469 1283 ·
569 1234 650 1305 risse
676 1228 822 1327 collegis
846 1253 921 1299 uon
948 1248 1072 1326 negat,
1095 1228 1195 1300 ilium
1220 1248 1336 1302 tamen
1362 1229 1449 1303 nulli
1473 1231 1669 1330 pepercisse
1694 1227 1840 1305 addidit
1890 1208 1984 1308 Cum
2011 1234 2142 1329 Velleio
2166 1314 2171 1323 ¹

570 1361 729 1451 quamvis
753 1379 828 1426 uon
854 1353 1002 1425 omuino
1027 1352 1202 1427 consentit
1225 1354 1298 1427 Dio
1325 1354 1401 1428 ΙΙΙ..
1430 1353 1490 1426 54.
2196 1338 2201 1345 ’

614 1593 626 1607 .
671 1506 816 1578 Suetou.
844 1502 934 1601 Aug.
961 1529 990 1574 c
1019 1502 1078 1595 ¹¹⁵·
1111 1498 1156 1574 de
1189 1502 1326 1577 saevitia
1358 1502 1508 1605 Augusti
1542 1502 1579 1577 in
1612 1501 1800 1577 Pemsinos
1832 1504 2009 1604 exposuit,
2047 1532 2148 1607 quo-

447 1690 451 1697 .
571 1658 652 1705 cum
679 1628 854 1703 consentit
878 1628 954 1701 Dio
976 1628 1003 1704 Ι.
1029 1652 1059 1700 ο.
1112 1608 1233 1723 Vellei.
1259 1626 1304 1701 II.
1333 1630 1393 1705 74.
1419 1655 1462 1704 ex
1487 1652 1588 1704 more
1613 1627 1706 1703 hauc
1738 1653 1814 1702 rent
1847 1628 2025 1729 mitigans,
2063 1657 2147 1704 ma·
2222 1706 2229 1711 ,

570 1759 623 1857 gis
648 1761 700 1829 ira
725 1756 895 1849 militum,
937 1779 1044 1854 quam
1068 1752 1246 1853 voluntate
1272 1751 1372 1828 ducis
1397 1756 1564 1829 saevitum
1588 1752 1626 1827 in
1651 1779 1713 1828 eos
1740 1753 1853 1828 tradit.
1903 1756 1992 1830 Fere
2015 1752 2146 1831 eodem

570 1879 681 1957 modo
714 1902 831 1955 narrat
861 1878 1053 1980 Appiauus·
1074 1876 1160 1949 Bell.
1195 1876 1269 1953 Cir.
1293 1878 1340 1951 V.
1374 1909 1405 1954 r.
1431 1881 1492 1958 48.
1517 1882 1579 1955 uhi
1618 1885 1687 1977 iam
1718 1874 2031 1981 Schweighaeuser
2060 1876 2146 1975 ¹0⁰)

571 2007 739 2103 coniecit,
779 2005 997 2105 Augustum,
1043 2027 1086 2076 ex
1123 2009 1222 2098 cujus
1266 2009 1525 2107 commentariis
1569 2006 1750 2108 Appiuuus
1782 2004 1955 2100 hauserit,
2005 2006 2144 2105 culpam

570 2133 728 2207 saevitiae
750 2159 771 2206 a
795 2156 833 2205 se
857 2129 1039 2203 emolitum
1063 2126 1187 2201 rideri.
2106 2124 2109 2129 '

673 2307 730 2382 ne
755 2306 853 2383 Livia
877 2306 1025 2402 uterque
1038 2258 1190 2378 'diversa
1221 2305 1334 2382 tradi..
1401 2310 1520 2409 vsttsj.
1545 2309 1591 2411 u
1618 2312 1678 2387 ro.
1715 2309 1777 2387 eut
1806 2308 1948 2385 neno
1980 2307 2051 2383 uio
2077 2307 2145 2396 tu,

573 2432 634 2506 43.
659 2431 753 2506 illam
786 2461 806 2507 e
837 2432 963 2507 marito
997 2430 1030 2505 ei
1067 2427 1312 2531 desponsatam
1346 2433 1476 2530 fuisse,
1521 2437 1620 2516 Suet.
1647 2424 1739 2539 Aug.
1766 2465 1796 2511 c.
1822 2439 1890 2530 62,
1923 2435 1978 2508 cui
2009 2432 2146 2507 accedit

575 2555 659 2630 Tac.
690 2557 727 2632 in
764 2556 944 2633 Auual.1.
974 2558 1034 2640 10.
1074 2579 1111 2633 et
1143 2557 1190 2638 V.
1220 2561 1272 2654 1.,
1326 2559 1463 2637 Neroni
1494 2560 1682 2639 abductam
1719 2569 1764 2641 ab
1795 2565 1960 2665 Augusto
1996 2586 2146 2635 uxorem

575 2704 699 2758 1100ΐᾶ1.

657 2812 771 2905 'Haec
805 2833 878 2905 sere
906 2854 989 2905 sunt
1027 2860 1120 2930 quae
1151 2835 1287 2908 diverse
1321 2835 1446 2909 tradita
1482 2839 1528 2910 eb
1561 2784 1714 2931 utroque
1748 2825 1977 2931 deprehendi.
2042 2827 2145 2914 Quae

576 2978 690 3030 tamen
729 2956 777 3030 ita
809 2976 1008 3054 comparata
1034 2975 1150 3046 sunt,
1209 2974 1252 3027 ut
1287 2952 1498 3029 Suetonium
1538 2976 1619 3031 ante
1656 2955 1781 3029 oculos
1813 2952 1975 3027 habuisse
2017 2950 2146 3045 velteji

573 3081 755 3155 historiam
781 3106 855 3155 uon
881 3079 1059 3155 suadeant.
1109 3078 1200 3153 Nam
1233 3104 1324 3177 quae
1355 3077 1487 3155 Noster
1518 3106 1600 3155 cum
1627 3079 1763 3176 Velleio
1795 3080 1996 3151 communia
2027 3074 2144 3169 hahet,

575 3232 617 3279 ex
641 3204 767 3280 eodem
795 3206 896 3279 sonte
922 3203 1105 3302 desumpta
1135 3229 1211 3277 esse
1242 3222 1401 3302 possunt.
1459 3202 1644 3279 Interdum
1673 3227 1820 3305 quoque
1852 3200 2043 3277 Suetonius
2067 3228 2144 3274 ,co-
2237 3270 2242 3277 .

576 3333 708 3430 piosius
734 3330 999 3428 accuratiusque
1025 3356 1080 3403 res
1105 3328 1212 3403 refert
1236 3329 1298 3419 (ut
1324 3329 1411 3428 Aug.
1437 3356 1467 3404 c.
1492 3332 1570 3423 16,
1616 3357 1705 3427 quae
1729 3329 1889 3404 conseras
1912 3353 1995 3427 oum
2019 3323 2142 3420 Vellei

577 3456 622 3529 11.
647 3456 706 3529 79.
733 3475 767 3526 et
782 3454 878 3527 Suet.
903 3480 934 3528 c.
951 3460 1000 3529 52
1025 3457 1085 3528 fin.
1112 3482 1193 3529 cusu
1209 3452 1299 3527 vell.
1321 3453 1363 3525 IL
1378 3454 1458 3550 89.)
1484 3478 1525 3531 ut
1539 3457 1628 3530 ulios
1642 3454 1831 3556 scriptores
1843 3450 1979 3543 adierit,
2003 3470 2144 3525 uecoese

576 3581 629 3652 sit.
681 3579 800 3667 Quare
826 3579 923 3655 nullo
949 3579 1061 3655 modo
1087 3607 1233 3681 possunt
1254 3577 1403 3673 adduci,
1447 3600 1486 3656 ut
1509 3581 1724 3674 existimem,
1759 3578 1977 3676 Vellejuma
2008 3576 2142 3653 Nostro

577 3729 651 3777 esse
674 3705 926 3798 consultatum,
957 3702 1089 3781 nedum
1111 3703 1319 3803 primarium
1344 3703 1497 3802 iontem,
1530 3727 1570 3783 ut
1595 3706 1686 3783 solu
1711 3701 1757 3779 V.
1776 3702 1824 3780 D.
1850 3700 2142 3799 merentium),

578 3827 750 3903 Suetonio
775 3828 893 3903 fuisse.
1991 3838 2004 3849 ''

578 4122 844 4145 m

508 4359 511 4363 ·
619 4337 693 4420 100)
730 4336 772 4402 ad
793 4343 937 4426 Appiau.
979 4340 1021 4411 Τ.
1043 4342 1104 4411 111.
1140 4344 1266 4432 p.'868.

556 4497 559 4501 ·
621 4466 694 4543 rot)
722 4468 875 4553 cutting.
900 4476 962 4560 gel.
987 4478 1240 4564 Anneig.1825.
1278 4499 1310 4565 p.
1333 4481 1423 4552 1346.
