4404 5724
893 628 900 639 .
969 606 1024 625 -
1098 566 1150 645 ar
1223 605 1276 622 -
1381 512 1385 517 ¹

877 820 1380 943 nontrtanus

447 1073 735 1168 Hermogenem
768 1060 997 1134 Tarsensem
1022 1054 1082 1153 (de
1109 1082 1181 1152 quo
1208 1083 1239 1130 v.
1264 1054 1371 1133 Voss.
1397 1055 1443 1132 de
1468 1056 1548 1135 hist
1575 1087 1689 1160 graec.
1715 1060 1760 1137 ll
1787 1048 1909 1153 c.10.')

334 1213 607 1286 commemorat,
633 1213 741 1290 quem
765 1186 810 1258 ab
837 1183 1044 1258 Domitiano
1077 1203 1223 1283 propter
1253 1184 1382 1282 figuras
1415 1183 1451 1256 in
1482 1181 1630 1260 historia
1662 1213 1724 1259 sua
1756 1187 1793 1259 in
1828 1212 1910 1260 eunt

335 1324 445 1398 diclas
471 1320 627 1396 occisum
654 1288 783 1387 narrat.
832 1310 1010 1384 Incertum
1034 1327 1106 1399 est,
1132 1333 1217 1380 num
1240 1306 1431 1381 Suetonius
1454 1333 1537 1381 eum
1560 1330 1602 1383 ut
1626 1311 1761 1385 sontem
1784 1312 1823 1386 in
1849 1338 1909 1386 re-

333 1451 400 1523 bus
425 1442 638 1548 quibusdam
662 1437 823 1539 elegerit,
848 1462 961 1536 quum
983 1458 1027 1507 ne
1051 1459 1165 1505 unum
1191 1433 1334 1533 quidem
1360 1434 1593 1534 fragmentum
1622 1436 1739 1534 operis
1759 1436 1910 1532 reperias

334 1597 368 1647 et
393 1569 587 1647 Suetonius
618 1564 664 1639 ad
699 1589 781 1639 eum
817 1587 890 1635 non
916 1559 1065 1659 amplius
1092 1579 1272 1657 provocat.

446 1696 560 1771 Multa
596 1712 690 1767 certe
724 1687 842 1764 hausit
878 1712 922 1762 ex
954 1685 1104 1759 aliorum
1138 1682 1414 1777 narrationibus,
1459 1683 1628 1758 nonnulla
1661 1710 1803 1787 quoque
1837 1684 1912 1784 ipse

332 1821 420 1899 vidit
443 1825 494 1919 (c.
523 1820 607 1919 12).

450 2379 590 2468 Quibus
617 2377 784 2478 expositis
818 2403 862 2451 eo
896 2377 1139 2479 pervenimus,
1191 2366 1232 2448 ut
1263 2394 1425 2448 nostmm
1459 2370 1504 2448 de
1538 2371 1712 2447 Suetonio
1745 2366 1914 2466 judicium

336 2509 497 2581 ieramus.
562 2502 603 2577 Si
635 2503 830 2577 accuratius
862 2503 948 2578 vitas
979 2503 1056 2577 illas
1087 2499 1296 2601 inspexeris,
1335 2498 1438 2573 lacile
1473 2496 1664 2590 concedes,
1697 2493 1915 2569 Suetonium

337 2657 461 2708 omnes
486 2650 602 2730 partes
633 2627 793 2703 historici
829 2628 917 2702 boni
950 2648 985 2702 et
1015 2626 1122 2729 probi
1153 2645 1248 2700 recte
1282 2624 1447 2723 gessisse,
1487 2643 1542 2717 et,
1590 2619 1690 2718 quod
1715 2620 1848 2694 adtinet
1869 2614 1915 2690 ad

335 2755 443 2830 fidem
470 2753 693 2846 historicam,
727 2753 819 2827 inter
851 2754 1040 2855 scriptores
1071 2749 1260 2826 historicos
1287 2773 1360 2821 non
1389 2747 1555 2820 ultimum
1584 2749 1705 2822 locum
1739 2745 1912 2819 obtinere.

336 2872 458 2954 Quam
479 2872 664 2963 diligenter
696 2874 793 2933 enim
824 2876 864 2936 in
897 2876 1104 2963 colligendis
1138 2870 1432 2957 conterendisque
1473 2870 1728 2936 narrationibus
1762 2885 1915 2937 versatus

311 2991 459 3085 luerit,
496 3014 539 3064 cx
568 3005 686 3060 nostra
710 2982 955 3086 disquisitione
985 3007 1085 3060 antea
1110 2986 1267 3060 instituta
1292 3005 1399 3085 patet.
1470 2986 1585 3061 Multa
1608 2983 1802 3080 addidisse,
1841 2987 1915 3085 ipse

338 3121 462 3212 refert,
496 3112 655 3215 nequid
681 3111 985 3208 praetermitteret.
1036 3111 1110 3202 Qui
1135 3132 1206 3185 tam
1231 3133 1390 3186 accurate
1421 3111 1637 3186 narrationes
1669 3110 1792 3205 tradit,
1834 3137 1916 3184 eum

339 3241 555 3345 diligentiam
587 3239 624 3311 iu
651 3237 852 3336 colligendo
884 3239 1034 3312 aliorum
1062 3239 1186 3314 tradita
1218 3236 1420 3313 adhibuisse
1452 3263 1525 3311 non
1559 3261 1685 3335 negare
1719 3261 1915 3335 possumus.

338 3367 466 3469 Neque
490 3366 527 3440 in
560 3365 630 3438 illis
664 3361 871 3462 colligendis
903 3364 1008 3439 unice
1047 3364 1240 3466 acquievit,
1280 3363 1344 3439 sed
1373 3389 1455 3440 vera
1487 3385 1521 3438 et
1552 3363 1646 3436 salsa·
1664 3364 1846 3462 explorare
1877 3363 1915 3434 in

338 3494 455 3567 auimo
480 3491 612 3565 habuit
663 3488 710 3562 Et
733 3512 840 3582 quam
864 3488 985 3565 dextre
1006 3491 1044 3565 in
1069 3516 1188 3565 rerum
1212 3489 1355 3563 veritate
1381 3489 1594 3586 exploranda
1632 3512 1667 3565 et
1699 3491 1736 3563 in
1771 3490 1915 3563 diversis

338 3617 474 3693 traditis
493 3613 730 3690 examinandis
753 3639 791 3687 se
817 3616 984 3714 gesserit,
1020 3615 1161 3708 stradet,
1196 3614 1334 3689 omissis
1359 3616 1451 3707 aliis,
1486 3614 1700 3711 disquisitio,
1736 3645 1842 3717 quam
1869 3615 1914 3689 de

339 3746 441 3838 loco,
484 3743 521 3816 iu
548 3768 621 3843 quo
647 3741 692 3814 sit
717 3760 818 3813 uatus
846 3740 1032 3834 Claudius,
1066 3741 1224 3814 instituit
1288 3739 1367 3814 Nec
1401 3741 1517 3815 minus
1549 3742 1727 3816 veritatem
1764 3743 1915 3814 voluisse

341 3894 483 3944 narrare
505 3865 735 3958 Suetonium,
761 3864 887 3940 exinde
911 3887 1022 3964 patet,
1047 3865 1147 3968 quod
1168 3891 1284 3967 neque
1310 3867 1399 3939 mala
1423 3892 1539 3966 neque
1565 3869 1658 3941 bona
1681 3867 1765 3941 silet.
1817 3868 1949 3943 Sicut'
2008 3882 2032 3913 *-

343 3997 437 4073 enim
463 3994 606 4067 illorum
630 3991 786 4066 virosum
812 3991 975 4085 virtutes,
1016 3993 1064 4066 ita
1089 4018 1233 4093 quoque
1266 4017 1391 4065 eorum
1416 3992 1497 4066 vitia
1522 4017 1633 4092 aeque
1656 3993 1813 4088 exposita
1844 4018 1918 4067 esse

339 4120 448 4197 rides.
514 4117 641 4217 Neque
672 4116 710 4188 iu
741 4136 899 4214 tempora
930 4115 1072 4211 incidit,
1117 4140 1207 4217 quse
1233 4116 1366 4191 veritati
1390 4114 1579 4191 tradendae
1614 4120 1816 4212 obstabant,
1856 4119 1919 4193 sed
1960 4096 1972 4119 ⁰

341 4246 487 4344 adeptus
513 4264 584 4336 est,
615 4262 657 4316 ut
680 4239 825 4314 Tacitus
851 4241 908 4333 ait,
932 4242 1029 4314 illam
1053 4260 1274 4333 temporum
1290 4230 1537 4339 felicitatem
1563 4242 1633 4315 abt·
1648 4251 1798 4329 sentire¹
1812 4274 1918 4344 quoe

341 4368 467 4445 velles·
486 4385 526 4441 et
553 4395 659 4467 quoe
683 4369 845 4441 sentires
870 4368 1004 4440 dicere
1035 4366 1192 4439 licebat.
1246 4367 1416 4464 vulgares
1443 4395 1603 4442 rumores
1637 4396 1680 4443 ex
1711 4398 1777 4445 suo
1810 4397 1918 4470 opere

343 4522 416 4569 non
442 4491 613 4584 excludit,
651 4489 690 4565 id
716 4518 799 4567 vero
831 4512 964 4566 tantum
1002 4488 1162 4583 admisit,
1211 4487 1308 4588 quod
1348 4489 1512 4563 omnibus
1546 4517 1705 4568 accurate
1737 4497 1918 4594 perpensis

348 4641 406 4693 aut
431 4636 639 4733 verumnaut
655 4617 842 4691 verisimile
868 4640 903 4691 et
926 4616 1087 4697 moribus
1107 4613 1381 4709 uniuscuiusque
1405 4617 1615 4691 conveniens
1641 4618 1707 4690 sibi
1730 4619 1920 4724 videretur.

346 4746 466 4835 Quare
489 4740 571 4814 euru
594 4739 811 4815 credulitatis
837 4769 909 4815 nou
936 4768 1123 4842 possumus
1149 4746 1224 4837 inre
1249 4764 1407 4839 arguere.
1467 4740 1596 4842 Neque
1629 4744 1792 4819 assentire
1824 4771 1918 4845 queo

1327 4864 1389 4937 4*
