4508 5736
1139 514 1445 592 -16-
1593 600 1597 611 Ι

578 710 581 714 ’
610 704 644 778 Α
679 702 833 804 partibus
864 650 1144 775 aduersariorum
1166 696 1309 773 ,steo'sse
1344 697 1524 773 Cassium
1553 699 1809 773 Pamensem
1847 700 1889 773 e‘x
1924 700 2083 801 epistola,

512 857 580 929 qua
606 831 769 929 Augusto
793 829 982 928 exprobrat
1004 849 1115 924 genus
1139 822 1284 912 servile,
1307 821 1407 895 facile
1434 842 1527 922 patet
1553 821 1632 919 οἱ).
1697 824 1778 898 Fuit
1803 852 1894 899 unus
1927 851 1971 902 ex
1995 851 2084 927 per-

510 954 710 1028 cussoribus
736 953 891 1028 Caesaris
913 972 948 1026 et
974 950 1084 1024 serius
1109 946 1157 1023 ad
1181 946 1378 1020 Asuuium
1405 948 1538 1049 trpnsiit
1566 949 1638 1047 ⁸⁴).
1688 949 1883 1051 Epistolam
1909 950 2089 1051 quandem.

376 1134 379 1139 -
511 1079 554 1152 ad
583 1078 779 1153 Antonium
802 1076 921 1153 laudat
945 1063 1081 1149 Plinius
1106 1073 1178 1170 ⁸⁵).
1237 1071 1454 1147 Historieum
1478 1064 1568 1174 quid
1592 1075 1636 1147 ab
1663 1099 1706 1175 eo
1741 1077 1992 1177 conscriptum¹
2010 1104 2083 1152 uon

361 1284 363 1289 ,
511 1203 679 1278 laudatur.
733 1205 787 1277 ct.
816 1227 904 1298 quae
929 1199 1118 1274 Ruhnken.
1144 1195 1188 1272 ad
1215 1197 1339 1292 Vellei.
1367 1197 1499 1272 Patere.
1520 1198 1565 1273 lt
1589 1198 1652 1274 88.
1680 1202 1868 1275 annotavit.

615 1329 713 1402 Num
738 1330 848 1402 Sext.
873 1330 1122 1428 Pompejum,
1148 1323 1309 1418 Pompeii
1325 1323 1376 1397 Μ.
1391 1325 1524 1419 filium,
1556 1339 1593 1400 et
1615 1326 1787 1399 Lucium
1815 1325 1879 1422 86)
1906 1327 1968 1420 (de
1986 1330 2088 1425 eujus

511 1457 656 1529 nomine
681 1467 815 1527 eertum
849 1449 935 1546 quid
961 1477 1034 1525 non
1060 1449 1254 1538 habemus)
1287 1449 1351 1548 qui
1374 1450 1527 1550 Augmti
1559 1448 1765 1551 pudicitiam
1790 1473 1999 1548 prostratam
2024 1479 2088 1525 ca·-

511 1582 699 1678 stigarunt,
731 1576 936 1678 exscriptis
961 1601 1087 1652 eorum
1111 1574 1198 1672 ipsis
1224 1573 1397 1669 citaverit,
1430 1602 1476 1650 an
1501 1601 1545 1651 ex
1569 1577 1638 1677 alio
1664 1558 1854 1679 scriptore,
1898 1578 1935 1676 in
1967 1576 2086 1651 medio

515 1725 567 1778 est
594 1699 873 1797 relinquendum.

619 1834 670 1904 A.
698 1828 874 1904 Cordum
901 1830 1167 1922 Cremutium,
1212 1830 1392 1924 aequalem
1417 1829 1571 1931 Augusti
1595 1849 1631 1905 et
1656 1827 1814 1924 Tiberii,
1853 1829 1990 1905 silentio
2017 1856 2106 1904 non·

515 1956 700 2055 praeteriit.
752 1954 924 2031 Condidit
948 1958 1007 2032 ille
1032 1959 1171 2031 annales
1201 1956 1285 2051 ⁸⁷),
1309 1955 1347 2029 in
1372 1956 1520 2056 quibus,
1545 1977 1587 2030 ut
1603 1956 1675 2031 Dio
1702 1957 1808 2031 refert
1833 1958 1920 2053 ⁰⁸),
1946 1955 1991 2031 de
2010 1957 2089 2031 Au-

515 2084 608 2183 gusti
633 2107 779 2182 quoque
802 2084 906 2167 rebus
931 2082 1037 2182 gestis
1063 2079 1137 2156 sine
1167 2082 1221 2157 ira
1254 2104 1290 2157 et
1321 2081 1439 2156 studio
1471 2080 1642 2180 exposuit.
1710 2083 1905 2158 Accusatus
1938 2099 1992 2158 est
2023 2085 2089 2158 sub

516 2208 683 2299 Tiberio,
714 2226 858 2282 auctore
883 2210 1034 2304 Seiano,
1072 2206 1172 2309 quod
1195 2207 1234 2282 in
1258 2208 1325 2282 illis
1350 2203 1531 2284 ancilibus
1562 2208 1714 2282 Brutum
1750 2192 1978 2309 Cassiumque
2010 2211 2102 2296 lauf

517 2335 631 2407 desset
654 2331 797 2406 ultimos
820 2331 1085 2424 Romanorum,
1109 2353 1142 2407 et
1168 2360 1280 2433 quum
1305 2334 1448 2410 caedem
1473 2338 1626 2436 effugere
1651 2361 1725 2410 nou
1751 2328 2097 2444 posseintelligeret1

516 2461 621 2532 vitam
644 2455 849 2530 abstinentia
872 2457 994 2537 finivit.
1046 2460 1213 2556 Ejusdem
1238 2460 1347 2535 libros
1372 2459 1809 2557 cremandosfgeensuerunt
1826 2460 1954 2534 Patres.
1990 2459 2091 2532 Mar-

518 2585 570 2658 eia
596 2604 731 2674 autem,
767 2588 840 2679 ejus
865 2584 953 2677 filia,
986 2609 1048 2658 eos
1074 2584 1278 2677 occultavit,
1311 2611 1500 2681 rursusque
1533 2585 1572 2660 in
1604 2586 1720 2660 lucem
1739 2586 1942 2681 ¹protraxit,
1979 2614 2091 2686 qutun

519 2710 675 2809 Caligula
707 2706 853 2783 lectitari
889 2710 1101 2808 permisisset
1128 2711 1206 2807 ⁸⁹).
1269 2708 1406 2785 Omnes
1432 2733 1563 2787 veteres
1594 2711 1782 2811 scriptores
1810 2711 1993 2785 historiam
2018 2720 2091 2805 ejus

518 2832 680 2908 laudibus
723 2834 785 2933 ita·
809 2835 996 2927 extollunt,
1044 2848 1084 2908 ut
1117 2832 1164 2908 ad
1201 2834 1491 2933 praestantissima
1528 2835 1635 2928 hujus
1669 2831 1807 2930 generis
1840 2858 1946 2931 opera
1977 2837 2092 2934 parti-
2210 2840 2214 2846 '
2243 2800 2249 2817 ι

518 2960 635 3032 nuisae
660 2981 734 3031 non
759 2955 919 3031 dubitare
944 2956 1059 3052 possis
1086 2955 1159 3053 90)
1208 2955 1256 3030 Et
1278 2979 1353 3028 non
1378 2951 1524 3045 dubito,
1567 2954 1652 3049 quin
1678 2953 1773 3052 apud
1797 2952 1971 3031 Nostmm
1996 2986 2093 3058 quo·

521 3108 590 3181 que
614 3083 768 3156 multum
793 3080 957 3174 valuerit,
982 3104 1195 3179 quamquam
1212 3077 1330 3152 semel
1354 3095 1490 3149 tantum
1513 3073 1561 3150 ad
1586 3102 1669 3152 eunt
1692 3103 1860 3178 provocat
1886 3084 1962 3173 ⁹¹).

623 3207 930 3315 Commemoratur
966 3204 1157 3307 Aquilius
1187 3204 1313 3305 Niger
1347 3198 1492 3302 quidum
1517 3202 1604 3297 ⁹²),
1659 3201 1704 3278 de
1735 3212 1835 3303 eujus
1866 3209 2007 3307 seriptis
2043 3214 2092 3286 nil

521 3355 667 3408 consut.
718 3331 772 3405 Ex
795 3355 869 3405 uno
894 3327 1066 3403 Suetonio
1092 3353 1175 3404 eum
1199 3327 1380 3424 norimus,
1412 3328 1474 3430 qui
1499 3326 1669 3430 quiddam
1694 3328 1817 3426 tradit,
1856 3332 1957 3433 quod
1981 3339 2093 3434 perti-
2187 3364 2193 3375 ’

523 3481 584 3533 net
621 3455 666 3530 ad
695 3446 828 3529 bellum
852 3453 1063 3553 Mutinense.

623 3580 790 3655 Iunium
814 3579 1080 3655 Saturninum
1104 3578 1263 3655 nominat
1283 3581 1472 3656 Suetonius
1499 3582 1575 3676 93).
1628 3579 1783 3671 Quando
1808 3584 1948 3677 vixerit,
1973 3585 2115 3665 ineer—x
2222 3628 2248 3673 a,

526 3731 602 3782 turn
630 3727 692 3782 est.
764 3708 988 3778 burmannus
1013 3701 1136 3797 tradit,
1159 3702 1399 3796 ¹Harduinum
1423 3707 1460 3781 in
1487 3733 1634 3781 nummo
1666 3732 1709 3780 ex
1742 3705 1912 3783 Hadriani
1935 3730 2092 3810 tempore

528 3832 664 3908 dedisse
690 3829 824 3904 lulium
839 3826 1077 3903 Saturninum.
1126 3825 1226 3902 Num
1257 3830 1308 3903 illi
1332 3833 1485 3933 tempori
1506 3831 1758 3927 accensendus,
1784 3854 1825 3907 ut
1849 3834 1893 3907 sit
1918 3835 2091 3909 Suetonio

527 3960 696 4057 aepuslis,
732 3983 776 4031 an
801 3953 847 4031 ad
868 3954 967 4051 prius
993 3979 1118 4030 aerum
1143 3953 1368 4052 referendus,
1407 3958 1485 4056 quis
1509 3957 1613 4054 haee,
1654 3960 1818 4034 omnibus
1846 3960 1922 4043 aliis
1956 3959 2092 4081 indiciis

532 4172 802 4194 m

569 4316 623 4390 83)
653 4315 745 4380 Suet.
767 4319 854 4402 Aug.
889 4337 920 4384 e.
942 4320 973 4383 [1.
1014 4345 1051 4362 -·
1106 4317 1160 4396 Sl)
1182 4318 1326 4400 Appiae.
1351 4322 1432 4390 Bell.
1455 4325 1530 4392 Cir.
1551 4328 1597 4391 V.
1619 4326 1691 4392 139.
1728 4357 1768 4373 -·
1822 4320 1982 4402 esteten.
2003 4326 2096 4395 nist.

652 4421 731 4483 Nat.
755 4418 886 4488 xxxi.
907 4425 939 4490 2.
969 4421 1060 4488 Saos.
1080 4420 1111 4483 8.
1133 4452 1173 4471 -
1212 4420 1268 4504 86)
1288 4424 1382 4491 Suet.
1403 4431 1490 4514 Aug.
1513 4453 1545 4499 c.
1563 4432 1617 4498 08·
1647 4464 1685 4483 -
1727 4431 1781 4510 87)
1803 4433 1884 4496 Tar.
1907 4432 2096 4501 Annallv.

653 4528 702 4592 89.
726 4552 764 4573 ··
806 4526 860 4603 88)
883 4528 950 4590 Dio
971 4526 1064 4593 cns.
1084 4526 1197 4591 nvn.
1215 4528 1266 4593 tt.
1293 4562 1337 4579 -
1377 4531 1431 4607 89)
1454 4533 1574 4602 Senon.
1594 4536 1728 4605 consol.
1749 4533 1794 4598 ad
1810 4534 1989 4601 Marciam.
2013 4558 2042 4600 r.
2063 4542 2094 4603 2.

652 4629 753 4708 Suet„
771 4630 878 4716 Galig.
901 4648 932 4695 c.
956 4629 1005 4694 lb.
1027 4658 1067 4679 ··
1105 4627 1162 4714 90)
1182 4631 1397 4700 Testimonia
1418 4656 1452 4703 v·
1473 4636 1565 4722 apud
1585 4642 1688 4707 Voss.
1710 4640 1788 4706 hist
1811 4641 1869 4707 lat.
1891 4645 1913 4703 1.
1945 4662 1973 4704 c.
1989 4644 2039 4704 22.
2057 4674 2095 4688 -
2197 4628 2212 4663 ⁸³

655 4736 710 4811 91)
733 4733 828 4799 Suet.
850 4735 936 4817 Aug.
962 4755 993 4802 e.
1014 4733 1066 4798 35.
1087 4765 1129 4783 -
1167 4734 1221 4815 92)
1241 4736 1328 4805 ibid.
1355 4758 1384 4806 e.
1407 4742 1457 4809 11.
1478 4775 1519 4791 -
1564 4744 1619 4816 93)
1641 4744 1725 4809 thiu.
1754 4766 1781 4808 e.
1802 4748 1852 4810 27.
