4404 5724
370 728 417 806 ad
439 728 578 804 fontem
602 744 820 816 versaretur,
856 722 967 795 multa
998 717 1124 795 auditu
1149 719 1325 821 accipere,
1374 742 1466 820 quse
1500 718 1605 820 vulgo
1642 738 1701 792 eut
1734 716 1854 794 leviter
1890 738 1950 792 aut

367 855 515 932 omnino
547 879 622 927 non
652 849 793 951 cognita
819 868 925 924 erant
1931 843 1933 847 ’

470 1032 583 1125 Quod
607 1054 723 1107 autem
749 1029 882 1105 adtinet
906 1026 953 1106 ad
985 1030 1094 1104 finem
1119 1029 1393 1126 consiliumque,
1434 1026 1536 1130 quod
1565 1028 1718 1104 babebat
1749 1027 1942 1103 Suetonius

365 1165 405 1237 iu
430 1157 692 1235 conscribendis
715 1157 815 1232 hisce
838 1157 935 1250 vitis,
962 1155 1007 1230 de
1032 1158 1101 1232 hae
1125 1183 1164 1234 re
1189 1158 1278 1232 nihil
1302 1158 1378 1257 ipse
1404 1155 1502 1231 dixit.
1553 1155 1617 1229 Sin
1642 1175 1758 1229 autern
1777 1154 1945 1253 insper

364 1287 414 1362 ris
440 1284 632 1362 accuratius
656 1283 763 1375 vites,
788 1281 889 1357 facile
914 1307 1126 1383 cognosces,
1150 1310 1224 1359 non
1249 1282 1362 1360 modo
1388 1310 1443 1359 res
1469 1304 1581 1385 gestas
1593 1282 1857 1382 imperatorum,
1881 1277 1946 1350 sed

364 1437 490 1487 eorum
514 1435 659 1510 quoque
682 1406 840 1482 indolem
864 1432 1052 1504 moresque
1076 1406 1278 1505 tradidisse,
1316 1429 1358 1484 ut
1381 1409 1573 1493 lectoribus
1605 1407 1793 1506 imaginem
1818 1403 1864 1479 ad
1889 1405 1946 1477 vi-

363 1566 447 1612 vum
473 1560 673 1636 expressam
698 1553 778 1607 ente
803 1535 928 1609 oculos
954 1555 1111 1636 poneret.
1175 1534 1312 1611 Seriem
1344 1556 1462 1609 autem
1491 1516 1782 1634 chrouologieum
1813 1532 1850 1604 in
1878 1531 1945 1603 illis

271 1728 274 1733 .
328 1684 437 1763 2n0n
463 1659 635 1737 adhibuit.
689 1660 886 1736 Consilium
911 1690 1017 1738 suum
1040 1663 1116 1764 ipse
1140 1660 1288 1762 aperuit.
1350 1664 1564 1762 Proposita
1588 1667 1705 1737 vitae
1728 1667 1813 1763 ejus
1841 1660 1946 1752 (Au-

339 1770 475 1890 gusti)
500 1787 615 1862 velut
639 1811 820 1882 summa,
849 1788 912 1863 ait*
927 1789 1007 1884 ¹⁰),
1034 1807 1174 1893 partes
1198 1787 1459 1888 singillatim,
1495 1814 1625 1888 neque
1646 1814 1719 1889 per
1743 1805 1942 1886 tempore,

362 1918 434 1992 sed
463 1940 535 2011 per
557 1915 701 2015 speeies
735 1939 956 2016 exsequar,
998 1942 1079 2018 quo
1113 1919 1341 1992 distinctius
1372 1917 1639 1991 demonstrari
1679 1899 1957 2013 cognoscique'

360 2045 523 2143 possint.
591 2038 703 2130 Quod
738 2041 925 2118 consilium
957 2039 1090 2119 Noster
1126 2042 1165 2119 in
1205 2040 1356 2120 aliorum
1396 2041 1650 2144 imperatorum
1682 2039 1761 2118 vitis
1797 2061 1942 2139 quoque

362 2181 602 2266 consequutus
635 2172 696 2244 est'.
917 2172 922 2183 '

462 2352 696 2455 Disquisitio,
736 2381 842 2454 quam
867 2355 1063 2454 instituam,
1102 2384 1186 2436 saue
1208 2356 1320 2435 babet
1348 2384 1493 2461 magnes
1528 2354 1761 2434 difficultates.
1829 2347 1943 2429 Auxi-

306 2572 309 2577 ,
359 2485 447 2559 lium
475 2481 619 2580 quidem
645 2507 718 2555 nou
744 2483 820 2557 leve
844 2505 968 2559 auctor
991 2486 1095 2562 nobis
1120 2511 1165 2561 eo
1191 2487 1325 2574 attulit,
1370 2484 1472 2588 quod
1504 2483 1643 2581 saepius
1673 2466 1839 2557 indicavit
1870 2501 1942 2547 no-

361 2610 457 2721 mine
492 2634 639 2701 eorum,
680 2632 772 2707 quos
803 2607 870 2685 sibi
902 2612 1018 2688 sontes
1050 2614 1164 2715 elegit.
1242 2611 1318 2689 Sed
1352 2637 1465 2711 quum
1497 2612 1689 2709 plerosque
1721 2623 1859 2680 tantum
1896 2621 1942 2670 ex

362 2736 570 2812 testimoniis
595 2751 757 2812 veterum
782 2735 945 2836 cognitos
969 2737 1183 2836 babeamus,
1208 2741 1348 2841 scriptis
1374 2767 1500 2817 eorum
1524 2732 1687 2812 nondum
1718 2725 1943 2812 exstantibus,

359 2887 495 2938 tuntum
521 2889 564 2936 ex
590 2861 744 2955 ratione,
772 2888 841 2956 qua
867 2863 1057 2939 Suetonius
1084 2890 1146 2940 eos
1171 2866 1391 2962 adhibuerit,
1417 2864 1463 2940 de
1487 2864 1530 2938 iis
1557 2860 1727 2957 judicium
1759 2878 1795 2929 et
1825 2880 1870 2926 ne
1903 2849 1943 2922 id

352 2984 505 3077 ‘quidem
533 2994 630 3048 certo
655 2999 846 3077 possumus
870 2986 972 3048 ferre.
1022 2984 1109 3050 Non
1134 3000 1250 3053 eutem
1276 2983 1357 3053 satis
1383 2999 1457 3068 est,
1490 2964 1635 3053 uomina
1660 2980 1814 3068 illorum,
1851 3002 1942 3076 quos

361 3107 471 3182 duces
495 3100 663 3196 babebat,
696 3097 872 3195 indicare,
908 3098 974 3176 sed
998 3082 1217 3203 inquiramus
1243 3128 1385 3179 necesse
1411 3123 1481 3200 est,
1516 3104 1689 3203 aquibus
1712 3103 1869 3203 partibus
1890 3101 1941 3173 illi

237 3214 262 3273 Ι·
359 3252 506 3325 starent,
539 3254 626 3301 num
651 3246 768 3301 essent
792 3225 916 3322 amici,
942 3253 987 3302 an
1012 3227 1217 3325 adversarii,
1250 3258 1294 3305 an
1319 3229 1448 3304 nullius
1474 3228 1631 3330 partibus
1651 3227 1783 3304 addicti
1808 3251 1842 3303 et
1865 3231 1939 3300 sine

357 3361 412 3432 ira
437 3377 473 3431 et
498 3351 616 3429 studio
642 3372 831 3429 narrantes.
880 3352 995 3430 Porro
1021 3357 1267 3458 investigemus
1291 3380 1434 3432 neeesse
1459 3377 1529 3450 est,
1555 3356 1683 3458 quibus
1704 3354 1834 3432 Noster
1854 3357 1937 3456 plu-

311 3567 320 3574 ,
358 3489 488 3561 simum
513 3479 683 3554 tribueret
708 3505 752 3551 sn
778 3479 840 3575 qui
865 3503 979 3555 essent
1004 3480 1100 3583 opud
1125 3510 1208 3558 eum
1231 3483 1317 3559 levis
1342 3481 1437 3559 fidei
1495 3483 1642 3584 Singula
1674 3508 1835 3584 quaeque
1869 3511 1938 3555 au-

356 3637 429 3688 tem
452 3605 609 3684 lontibus
635 3630 708 3679 non
733 3627 883 3701 possunt
908 3607 1028 3704 reddi,
1053 3638 1183 3712 quum,
1208 3631 1249 3684 ut
1274 3629 1372 3684 antea
1393 3608 1564 3703 diximus,
1589 3604 1780 3711 plerosque
1803 3630 1937 3682 tentum

255 3760 270 3789 ·“·
357 3732 401 3816 eit
423 3732 630 3812 testimoniis
648 3730 771 3806 Nostri
795 3733 1018 3835 aliorumque
1037 3760 1304 3837 cognoscemus.
1353 3736 1468 3813 Pauca
1498 3735 1617 3810 adbuc
1636 3756 1835 3835 supersunt,
1861 3736 1937 3833 qui-

356 3873 507 3944 buscum
516 3859 677 3953 Suetonii
686 3858 810 3934 tradita
825 3861 986 3937 conserte
998 3862 1088 3937 lieet.
1110 3864 1267 3963 Velleius
1274 3862 1476 3940 Paterculus
1490 3861 1677 3938 etTacitus
1692 3862 1819 3963 aliique
1832 3851 1937 3962 pauci

356 3995 460 4073 nobis
485 4009 633 4082 restant,
673 4013 826 4084 quormn
853 3989 1114 4088 comparatione
1138 4021 1306 4093 magnum
1331 3993 1485 4066 fructum
1510 3989 1557 4065 sd
1583 3988 1864 4090 disquisitionem
1891 3988 1938 4064 de

358 4121 430 4196 fide
459 4114 621 4193 Suetonii
652 4109 854 4188 redundare
890 4137 998 4209 poste
1024 4115 1128 4192 facile
1162 4141 1266 4221 petet.
1335 4106 1641 4209 Quamobrem
1674 4118 1820 4218 singulis
1855 4121 1935 4195 vitis
2033 4190 2036 4197 .

357 4242 655 4348 comparationem
680 4239 858 4320 intereos
883 4242 1085 4341 subjiciam,
1109 4245 1148 4323 id
1172 4244 1285 4324 modo
1310 4249 1483 4340 relerens,
1507 4244 1545 4319 in
1566 4243 1695 4346 quibus
1720 4247 1934 4321 narrationi·
1976 4250 1981 4257 ’

356 4382 425 4453 bus
448 4374 539 4447 inter
564 4393 601 4440 se
627 4366 840 4446 dissentient
897 4366 992 4445 Nem
1016 4371 1164 4475 longum
1189 4395 1262 4471 est,
1298 4372 1418 4450 omnia
1442 4396 1533 4475 quse
1557 4370 1759 4448 communie
1789 4371 1930 4468 hebent,

356 4524 543 4605 exponere.

356 4693 629 4719 W

356 4790 363 4809 ⁰
397 4819 452 4895 10)
480 4813 575 4880 Suet
596 4813 632 4874 io
654 4814 728 4880 vite
749 4765 835 4901 Aug.
867 4837 898 4883 c.
919 4817 949 4885 9.
